GDP,Inflation rate,Unemployment rate,Exchange Rate(w RMB),TotalRevenue,OperatingRevenue,CostOfRevenue,GrossProfit,OperatingExpense,SellingGeneralAndAdministration,GeneralAndAdministrativeExpense,SalariesAndWages,RentAndLandingFees,OtherGandA,SellingAndMarketingExpense,DepreciationAmortizationDepletionIncomeStatement,DepreciationAndAmortizationInIncomeStatement,DepreciationIncomeStatement,OtherOperatingExpenses,OperatingIncome,NetNonOperatingInterestIncomeExpense,InterestIncomeNonOperating,InterestExpenseNonOperating,TotalOtherFinanceCost,OtherIncomeExpense,GainOnSaleOfSecurity,SpecialIncomeCharges,RestructuringAndMergernAcquisition,ImpairmentOfCapitalAssets,WriteOff,OtherSpecialCharges,OtherNonOperatingIncomeExpenses,PretaxIncome,TaxProvision,NetIncomeCommonStockholders,NetIncome,NetIncomeIncludingNoncontrollingInterests,NetIncomeContinuousOperations,NetIncomeExtraordinary,PreferredStockDividends,DilutedNIAvailtoComStockholders,BasicEPS,DilutedEPS,BasicAverageShares,DilutedAverageShares,TotalOperatingIncomeAsReported,RentExpenseSupplemental,TotalExpenses,NetIncomeFromContinuingAndDiscontinuedOperation,NormalizedIncome,InterestIncome,InterestExpense,NetInterestIncome,EBIT,EBITDA,ReconciledCostOfRevenue,ReconciledDepreciation,NetIncomeFromContinuingOperationNetMinorityInterest,TotalUnusualItemsExcludingGoodwill,TotalUnusualItems,NormalizedEBITDA,TaxRateForCalcs,TaxEffectOfUnusualItems,open,high,low,close,adjclose,volume,ticker,MarketCap,EnterpriseValue,PeRatio,ForwardPeRatio,PegRatio,PsRatio,PbRatio,EnterprisesValueRevenueRatio,EnterprisesValueEBITDARatio,date
22061.503,1.9,6.166666667,6.484221,"4,150,000,000","2,963,000,000","6,346,000,000","-2,196,000,000","-754,000,000","110,000,000",,,,,"110,000,000",,,,"-864,000,000","-1,442,000,000","-361,000,000",,"361,000,000",,"288,000,000","262,000,000","-10,000,000","-44,000,000",,"54,000,000",,"36,000,000","-1,515,000,000","-338,000,000","-1,177,000,000","-1,177,000,000","-1,177,000,000","-1,177,000,000",,,"-1,177,000,000",-1.85,-1.85,"636,000,000","636,000,000","-1,398,000,000","597,000,000","5,592,000,000","-1,177,000,000","-1,372,778,217.82",,"361,000,000","-361,000,000","-1,154,000,000",,"6,346,000,000","492,000,000","-1,177,000,000","252,000,000","252,000,000","-1,406,000,000",0.223,"56,221,782.18",48.79999924,49.02000046,48.11000061,48.27999878,48.27999878,9469200,DAL,"30,882,851,764","52,334,851,764",,,,1.796,20.132,12.611,-45.351,3/31/21
21494.731,1.266666667,6.766666667,6.62216367,"3,973,000,000","2,903,000,000","5,458,000,000","-1,485,000,000","-1,048,000,000","84,000,000",,,,,"84,000,000",,,,"-1,132,000,000","-437,000,000","-365,000,000",,"365,000,000",,"-306,000,000","94,000,000","-421,000,000","421,000,000",,0,,"21,000,000","-1,108,000,000","-353,000,000","-755,000,000","-755,000,000","-755,000,000","-755,000,000",,,"-755,000,000",-1.19,-1.19,"635,000,000","635,000,000","-858,000,000","427,000,000","4,410,000,000","-755,000,000","-532,179,602.89",,"365,000,000","-365,000,000","-743,000,000",,"5,458,000,000","499,000,000","-755,000,000","-327,000,000","-327,000,000","-416,000,000",0.319,"-104,179,602.89",40.29999924,40.74000168,39.75999832,40.20999908,40.20999908,8705700,DAL,"25,661,319,129","45,576,319,129",,158.73,39.128,1.045,7.644,11.472,-61.341,12/31/20
21170.252,1.233333333,8.8,6.91833833,"3,062,000,000","2,080,000,000","5,086,000,000","-2,024,000,000","-983,000,000","94,000,000",,,,,"94,000,000",,,,"-1,077,000,000","-1,041,000,000","-291,000,000",,"291,000,000",,"-5,527,000,000","-95,000,000","-5,459,000,000","5,345,000,000",,"114,000,000",,"27,000,000","-6,859,000,000","-1,480,000,000","-5,379,000,000","-5,379,000,000","-5,379,000,000","-5,379,000,000",,,"-5,379,000,000",-8.47,-8.47,"635,000,000","635,000,000","-6,386,000,000","477,000,000","4,103,000,000","-5,379,000,000","-1,023,413,762.94",,"291,000,000","-291,000,000","-6,568,000,000",,"5,086,000,000","544,000,000","-5,379,000,000","-5,554,000,000","-5,554,000,000","-1,014,000,000",0.216,"-1,198,413,762.94",30.98999977,31.85000038,30.47999954,30.57999992,30.57999992,16664100,DAL,"19,501,914,924","34,578,914,924",,23.529,6.782,0.576,2.244,11.293,-5.265,9/30/20
19520.114,0.333333333,13.06666667,7.08533533,"1,468,000,000","786,000,000","4,868,000,000","-3,400,000,000","-1,039,000,000","45,000,000",,,,,"45,000,000",,,,"-1,084,000,000","-2,361,000,000","-194,000,000",,"194,000,000",,"-4,459,000,000","8,000,000","-4,512,000,000","2,454,000,000",,"2,058,000,000",,"45,000,000","-7,014,000,000","-1,297,000,000","-5,717,000,000","-5,717,000,000","-5,717,000,000","-5,717,000,000",,,"-5,717,000,000",-9.01,-9.01,"635,000,000","635,000,000","-4,815,000,000","446,000,000","3,829,000,000","-5,717,000,000","-2,045,861,134.87",,"194,000,000","-194,000,000","-6,820,000,000",,"4,868,000,000","589,000,000","-5,717,000,000","-4,504,000,000","-4,504,000,000","-2,316,000,000",0.185,"-832,861,134.87",28.35000038,28.65999985,27.60000038,28.04999924,28.04999924,27054800,DAL,"17,891,881,725","34,895,881,725",5.223,,,0.401,1.25,23.771,-5.117,6/30/20
21561.139,2.1,3.8,6.98236733,"8,592,000,000","7,721,000,000","8,133,000,000","459,000,000","869,000,000","358,000,000",,,,,"358,000,000",,,,"511,000,000","-410,000,000","-79,000,000",,"79,000,000",,"-118,000,000","-112,000,000",,,,,,"-6,000,000","-607,000,000","-73,000,000","-534,000,000","-534,000,000","-534,000,000","-534,000,000",,,"-534,000,000",-0.84,-0.84,"637,000,000","637,000,000","-410,000,000","567,000,000","9,002,000,000","-534,000,000","-435,469,522.24",,"79,000,000","-79,000,000","-528,000,000",,"8,133,000,000",,"-534,000,000","-112,000,000","-112,000,000","-416,000,000",0.12,"-13,469,522.24",29.35000038,30.53000069,28.42000008,28.53000069,28.53000069,25002300,DAL,"18,197,466,957","32,570,466,957",3.908,5.893,589.219,0.396,1.185,3.791,-61.686,3/31/20
21747.394,2.066666667,3.6,7.04281133,"11,439,000,000","10,431,000,000","9,098,000,000","2,341,000,000","942,000,000","488,000,000",,,,,"488,000,000",,,,"454,000,000","1,399,000,000","-73,000,000",,"73,000,000",,"72,000,000","136,000,000",,,,,,"-64,000,000","1,398,000,000","300,000,000","1,098,000,000","1,098,000,000","1,098,000,000","1,098,000,000",,,"1,098,000,000",1.71,1.71,"642,000,000","644,000,000","1,399,000,000","546,000,000","10,040,000,000","1,098,000,000","991,184,549.36",,"73,000,000","-73,000,000","1,471,000,000",,"9,098,000,000","622,000,000","1,098,000,000","136,000,000","136,000,000","1,335,000,000",0.215,"29,184,549.36",58.49000168,58.72999954,58.34000015,58.47999954,58.07864761,2917300,DAL,"37,589,289,776","52,094,289,776",8.26,7.831,0.734,0.838,2.495,4.554,35.414,12/31/19
21540.325,1.733333333,3.6,7.01849633,"12,560,000,000","11,599,000,000","9,474,000,000","3,086,000,000","1,015,000,000","539,000,000",,,,,"539,000,000",,,,"476,000,000","2,071,000,000","-70,000,000",,"70,000,000",,"-54,000,000","-35,000,000",,,,,,"-19,000,000","1,947,000,000","452,000,000","1,495,000,000","1,495,000,000","1,495,000,000","1,495,000,000",,,"1,495,000,000",2.32,2.31,"646,000,000","648,000,000","2,071,000,000","570,000,000","10,489,000,000","1,495,000,000","1,521,874,678.99",,"70,000,000","-70,000,000","2,017,000,000",,"9,474,000,000",,"1,495,000,000","-35,000,000","-35,000,000","2,052,000,000",0.232,"-8,125,321.01",58.50999832,58.68999863,57.52000046,57.59999847,56.78284454,5208200,DAL,"37,252,388,390","51,614,388,390",8.61,7.576,0.71,0.849,2.669,4.109,25.59,9/30/19
21329.877,1.8,3.666666667,6.822179,"12,536,000,000","11,554,000,000","9,457,000,000","3,079,000,000","951,000,000","538,000,000",,,,,"538,000,000",,,,"413,000,000","2,128,000,000","-75,000,000",,"75,000,000",,"-146,000,000","-82,000,000",,,,,,"-64,000,000","1,907,000,000","464,000,000","1,443,000,000","1,443,000,000","1,443,000,000","1,443,000,000",,,"1,443,000,000",2.22,2.21,"650,000,000","652,000,000","2,128,000,000","549,000,000","10,408,000,000","1,443,000,000","1,505,048,243.31",,"75,000,000","-75,000,000","1,982,000,000",,"9,457,000,000",,"1,443,000,000","-82,000,000","-82,000,000","2,064,000,000",0.243,"-19,951,756.69",,,,,,,,"37,151,175,765","52,752,175,765",9.506,8.32,0.717,0.864,2.858,4.208,26.616,6/30/19
21115.309,1.666666667,3.866666667,6.749196,"10,472,000,000","9,446,000,000","8,596,000,000","1,876,000,000","856,000,000","427,000,000",,,,,"427,000,000",,,,"429,000,000","1,020,000,000","-83,000,000",,"83,000,000",,"9,000,000","100,000,000",,,,,,"-91,000,000","946,000,000","216,000,000","730,000,000","730,000,000","730,000,000","730,000,000",,,"730,000,000",1.1,1.09,"665,000,000","667,000,000","1,020,000,000","521,000,000","9,452,000,000","730,000,000","652,832,980.97",,"83,000,000","-83,000,000","1,029,000,000",,"8,596,000,000",,"730,000,000","100,000,000","100,000,000","929,000,000",0.228,"22,832,980.97",,,,,,,,"35,067,772,561","49,826,772,561",9.109,7.734,0.834,0.807,2.472,4.758,48.423,3/31/19
20909.853,2.2,3.833333333,6.91660467,"10,742,000,000","9,862,000,000","8,753,000,000","1,989,000,000","886,000,000","468,000,000",,,,,"468,000,000",,,,"418,000,000","1,103,000,000","-37,000,000",,"37,000,000",,"321,000,000","185,000,000",,,,,,"136,000,000","1,387,000,000","336,000,000","1,051,000,000","1,051,000,000","1,051,000,000","1,051,000,000",,,"1,051,000,000",1.5,1.49,"680,000,000","683,000,000","1,103,000,000","564,000,000","9,639,000,000","1,051,000,000","910,816,149.96",,"37,000,000","-37,000,000","1,424,000,000",,"8,753,000,000","570,000,000","1,051,000,000","185,000,000","185,000,000","1,239,000,000",0.242,"44,816,149.96",50.29000092,50.65999985,49.56000137,49.90000153,48.24718857,6231700,DAL,"33,929,229,302","41,362,229,302",9.804,7.391,0.579,0.794,2.476,3.851,29.047,12/31/18
20742.723,2.633333333,3.766666667,6.81119967,"11,953,000,000","11,022,000,000","9,321,000,000","2,632,000,000","990,000,000","535,000,000",,,,,"535,000,000",,,,"455,000,000","1,642,000,000","-84,000,000",,"84,000,000",,"116,000,000","50,000,000",,,,,,"66,000,000","1,674,000,000","362,000,000","1,312,000,000","1,312,000,000","1,312,000,000","1,312,000,000",,,"1,312,000,000",1.91,1.91,"686,000,000","688,000,000","1,642,000,000","520,000,000","10,311,000,000","1,312,000,000","1,272,812,425.33",,"84,000,000","-84,000,000","1,758,000,000",,"9,321,000,000",,"1,312,000,000","50,000,000","50,000,000","1,708,000,000",0.216,"10,812,425.33",,,,,,,,"39,979,690,177","47,477,690,177",12.048,8.569,0.553,0.949,3.084,3.972,27.007,9/30/18
20552.653,2.733333333,3.933333333,6.38216,"11,775,000,000","10,769,000,000","9,147,000,000","2,628,000,000","948,000,000","511,000,000",,,,,"511,000,000",,,,"437,000,000","1,680,000,000","-89,000,000",,"89,000,000",,"-219,000,000","-238,000,000",,,,,,"19,000,000","1,372,000,000","347,000,000","1,025,000,000","1,025,000,000","1,025,000,000","1,025,000,000",,,"1,025,000,000",1.47,1.47,"695,000,000","697,000,000","1,680,000,000","504,000,000","10,095,000,000","1,025,000,000","1,202,806,122.45",,"89,000,000","-89,000,000","1,461,000,000",,"9,147,000,000",,"1,025,000,000","-238,000,000","-238,000,000","1,699,000,000",0.253,"-60,193,877.55",,,,,,,,"34,751,166,715","41,430,166,715",10.008,8.446,0.728,0.843,2.727,3.518,28.357,6/30/18
20242.215,2.233333333,4.033333333,6.357802,"9,968,000,000","8,967,000,000","8,291,000,000","1,677,000,000","837,000,000","427,000,000",,,,,"427,000,000",,,,"410,000,000","840,000,000","-102,000,000",,"102,000,000",,"-20,000,000","18,000,000",,,,,,"-38,000,000","718,000,000","171,000,000","547,000,000","547,000,000","547,000,000","547,000,000",,,"547,000,000",0.78,0.77,"704,000,000","706,000,000","840,000,000","467,000,000","9,128,000,000","547,000,000","533,286,908.08",,"102,000,000","-102,000,000","820,000,000",,"8,291,000,000","610,000,000","547,000,000","18,000,000","18,000,000","802,000,000",0.238,"4,286,908.08",,,,,,,,"38,745,921,151","44,940,921,151",11.073,8.432,0.594,0.961,2.768,4.509,54.806,3/31/18
19937.963,2.1,4.133333333,6.61358333,"10,245,000,000","8,700,000,000","7,952,000,000","2,293,000,000","1,099,000,000","443,000,000",,,,,"443,000,000",,,,"656,000,000","1,194,000,000","-99,000,000",,"99,000,000",,"-5,000,000",,,,,,,"-5,000,000","1,090,000,000","518,000,000","572,000,000","572,000,000","572,000,000","572,000,000",,,"572,000,000",0.423,0.42,"707,197,979","711,904,762","1,194,000,000","476,000,000","9,051,000,000","572,000,000","572,000,000",,"99,000,000","-99,000,000","1,189,000,000",,"7,952,000,000",,"572,000,000",,,"1,189,000,000",0.4,0,,,,,,,,"39,926,495,784","46,296,495,784",11.2,9.794,2.57,1.009,2.829,4.519,38.937,12/31/17
19617.288,1.933333333,4.3,6.66638533,"11,060,000,000","9,586,000,000","8,146,000,000","2,914,000,000","1,075,000,000","482,000,000",,,,,"482,000,000",,,,"593,000,000","1,839,000,000","-100,000,000",,"100,000,000",,"66,000,000",,,,,,,"66,000,000","1,805,000,000","627,000,000","1,178,000,000","1,178,000,000","1,178,000,000","1,178,000,000",,,"1,178,000,000",1.64,1.64,"716,000,000","719,000,000","1,839,000,000","489,000,000","9,221,000,000","1,178,000,000","1,178,000,000",,"100,000,000","-100,000,000","1,905,000,000",,"8,146,000,000",,"1,178,000,000",,,"1,905,000,000",0.347,0,,,,,,,,"34,912,737,111","40,938,737,111",9.53,8.599,2.429,0.888,2.551,3.702,21.49,9/30/17
19379.232,1.9,4.4,6.86165733,"10,791,000,000","9,414,000,000","7,772,000,000","3,019,000,000","991,000,000","458,000,000",,,,,"458,000,000",,,,"533,000,000","2,028,000,000","-103,000,000",,"103,000,000",,"-34,000,000",,,,,,,"-34,000,000","1,891,000,000","667,000,000","1,224,000,000","1,224,000,000","1,224,000,000","1,224,000,000",,,"1,224,000,000",1.68,1.68,"728,000,000","731,000,000","2,028,000,000","465,000,000","8,763,000,000","1,224,000,000","1,224,000,000",,"103,000,000","-103,000,000","1,994,000,000",,"7,772,000,000",,"1,224,000,000",,,"1,994,000,000",0.353,0,54,54.27999878,53.72999954,53.74000168,50.05363083,5012800,DAL,"38,909,383,915","45,486,383,915",9.952,10.32,4.427,1.01,3.006,4.215,22.812,6/30/17
19237.435,2.533333333,4.566666667,6.887835,"9,148,000,000","7,848,000,000","7,224,000,000","1,924,000,000","871,000,000","404,000,000",,,,,"404,000,000",,,,"467,000,000","1,053,000,000","-94,000,000",,"94,000,000",,"-44,000,000",,,,,,,"-44,000,000","915,000,000","312,000,000","603,000,000","603,000,000","603,000,000","603,000,000",,,"603,000,000",0.83,0.82,"728,000,000","731,000,000","1,053,000,000","449,000,000","8,095,000,000","603,000,000","603,000,000",,"94,000,000","-94,000,000","1,009,000,000",,"7,224,000,000","540,000,000","603,000,000",,,"1,009,000,000",0.341,0,46.11999893,46.29000092,45.88999939,45.95999908,42.63178253,7052700,DAL,"33,804,977,781","37,887,977,781",7.938,8.905,2.308,0.875,2.751,4.142,37.55,3/31/17
19032.58,1.8,4.766666667,6.83151767,"9,458,000,000","8,148,000,000","7,538,000,000","1,920,000,000","900,000,000","419,000,000",,,,,"419,000,000",,,,"481,000,000","1,020,000,000","-93,000,000",,"93,000,000",,"25,000,000",,,,,,,"25,000,000","952,000,000","330,000,000","622,000,000","622,000,000","622,000,000","622,000,000",,,"622,000,000",0.85,0.84,"732,000,000","737,000,000","1,020,000,000","448,000,000","8,438,000,000","622,000,000","622,000,000",,"93,000,000","-93,000,000","1,045,000,000",,"7,538,000,000","472,000,000","622,000,000",,,"1,045,000,000",0.347,0,,,,,,,,"36,222,760,933","40,635,760,933",7.96,9.833,1.539,0.951,2.873,4.296,38.886,12/31/16
18821.359,1.133333333,4.9,6.667625,"10,483,000,000","9,238,000,000","7,521,000,000","2,962,000,000","993,000,000","466,000,000",,,,,"466,000,000",,,,"527,000,000","1,969,000,000","-95,000,000",,"95,000,000",,"26,000,000",,,,,,,"26,000,000","1,900,000,000","641,000,000","1,259,000,000","1,259,000,000","1,259,000,000","1,259,000,000",,,"1,259,000,000",1.7,1.69,"740,000,000","744,000,000","1,969,000,000","471,000,000","8,514,000,000","1,259,000,000","1,259,000,000",,"95,000,000","-95,000,000","1,995,000,000",,"7,521,000,000","474,000,000","1,259,000,000",,,"1,995,000,000",0.337,0,39.15000153,39.59999847,38.93000031,39.36000061,36.19802094,8889300,DAL,"28,984,099,824","33,837,099,824",6.41,7.027,,0.762,2.454,3.228,16.961,9/30/16
18656.207,1.033333333,4.933333333,6.53039333,"10,447,000,000","9,135,000,000","7,102,000,000","3,345,000,000","922,000,000","437,000,000",,,,,"437,000,000",,,,"485,000,000","2,423,000,000","-93,000,000",,"93,000,000",,"20,000,000",,,,,,,"20,000,000","2,350,000,000","804,000,000","1,546,000,000","1,546,000,000","1,546,000,000","1,546,000,000",,,"1,546,000,000",2.04,2.03,"758,000,000","763,000,000","2,423,000,000","442,000,000","8,024,000,000","1,546,000,000","1,546,000,000",,"93,000,000","-93,000,000","2,443,000,000",,"7,102,000,000","470,000,000","1,546,000,000",,,"2,443,000,000",0.342,0,36.25999832,36.43000031,35.72999954,36.43000031,33.32033157,12413700,DAL,"27,282,706,709","32,819,706,709",6.133,5.828,,0.712,2.425,3.142,13.434,6/30/16
18470.156,1.1,4.9,6.540867,"9,251,000,000","7,924,000,000","6,830,000,000","2,421,000,000","881,000,000","388,000,000",,,,,"388,000,000",,,,"493,000,000","1,540,000,000","-107,000,000",,"107,000,000",,"1,000,000",,,,,,,"1,000,000","1,434,000,000","488,000,000","946,000,000","946,000,000","946,000,000","946,000,000",,,"946,000,000",1.22,1.21,"774,000,000","780,000,000","1,540,000,000","414,000,000","7,711,000,000","946,000,000","946,000,000",,"107,000,000","-107,000,000","1,541,000,000",,"6,830,000,000",,"946,000,000",,,"1,541,000,000",0.34,0,49.36999893,49.74000168,48.65999985,48.68000031,44.38169479,6550500,DAL,"37,560,584,499","42,452,584,499",8.647,6.794,,0.962,3.462,4.589,27.549,3/31/16
18378.803,0.466666667,5.033333333,6.38993,"9,502,000,000","8,318,000,000","6,990,000,000","2,512,000,000","795,000,000","402,000,000",,,,,"402,000,000",,,,"393,000,000","1,717,000,000","-102,000,000",,"102,000,000",,"-82,000,000",,0,0,,,,"-82,000,000","1,533,000,000","553,000,000","980,000,000","980,000,000","980,000,000","980,000,000",,,"980,000,000",1.26,1.25,"778,000,000","785,000,000","1,717,000,000","396,000,000","7,785,000,000","980,000,000","980,000,000",,"102,000,000","-102,000,000","1,635,000,000",,"6,990,000,000","451,000,000","980,000,000",0,0,"1,635,000,000",0.361,0,51,51.08000183,50.34999847,50.68999863,46.06809998,5911400,DAL,"39,476,560,503","44,466,560,503",14.319,8.197,,1.013,3.816,4.68,27.197,12/31/15
18347.425,0.133333333,5.1,6.301371,"11,107,000,000","9,791,000,000","7,866,000,000","3,241,000,000","1,028,000,000","463,000,000",,,,,"463,000,000",,,,"565,000,000","2,213,000,000","-121,000,000",,"121,000,000",,"-20,000,000",,0,0,,,,"-20,000,000","2,072,000,000","757,000,000","1,315,000,000","1,315,000,000","1,315,000,000","1,315,000,000",,,"1,315,000,000",1.67,1.65,"788,000,000","795,000,000","2,213,000,000","466,000,000","8,894,000,000","1,315,000,000","1,315,000,000",,"121,000,000","-121,000,000","2,193,000,000",,"7,866,000,000",,"1,315,000,000",0,0,"2,193,000,000",0.365,0,44.72000122,45.04000092,43.86000061,44.86999893,40.67082596,9525700,DAL,"35,289,071,374","40,759,071,374",19.424,8.673,,0.908,3.69,3.67,18.586,9/30/15
18223.577,-0.033333333,5.433333333,6.20358667,"10,707,000,000","9,346,000,000","7,239,000,000","3,468,000,000","969,000,000","421,000,000",,,,,"421,000,000",,,,"548,000,000","2,499,000,000","-127,000,000",,"127,000,000",,"-6,000,000",,"-25,000,000","25,000,000",,,,"19,000,000","2,366,000,000","881,000,000","1,485,000,000","1,485,000,000","1,485,000,000","1,485,000,000",,,"1,485,000,000",1.85,1.83,"803,000,000","811,000,000","2,474,000,000","448,000,000","8,208,000,000","1,485,000,000","1,500,691,039.73",,"127,000,000","-127,000,000","2,493,000,000",,"7,239,000,000",,"1,485,000,000","-25,000,000","-25,000,000","2,518,000,000",0.372,"-9,308,960.27",41.68000031,41.83000183,41.02999878,41.08000183,37.12705994,10416400,DAL,"32,674,963,478","38,671,963,478",28.727,7.628,,0.843,3.612,3.612,15.512,6/30/15
18003.399,-0.066666667,5.533333333,6.23652833,"9,388,000,000","8,140,000,000","7,102,000,000","2,286,000,000","878,000,000","386,000,000",,,,,"386,000,000",,,,"492,000,000","1,408,000,000","-131,000,000",,"131,000,000",,"-91,000,000",,"-10,000,000","10,000,000",,,,"-81,000,000","1,186,000,000","440,000,000","746,000,000","746,000,000","746,000,000","746,000,000",,,"746,000,000",0.91,0.9,"818,000,000","826,000,000","1,398,000,000","433,000,000","7,980,000,000","746,000,000","752,290,050.59",,"131,000,000","-131,000,000","1,317,000,000",,"7,102,000,000",,"746,000,000","-10,000,000","-10,000,000","1,327,000,000",0.371,"-3,709,949.41",45.58000183,45.61999893,44.65999985,44.95999908,40.55039978,9679100,DAL,"36,700,703,138","43,172,703,138",57.641,8.078,1.704,0.941,4.164,4.599,32.781,3/31/15
17849.912,1.266666667,5.7,6.147504,"9,647,000,000","8,478,000,000","9,502,000,000","145,000,000","906,000,000","411,000,000",,,,,"411,000,000",,,,"495,000,000","-761,000,000","-137,000,000",,"137,000,000",,"-242,000,000",,"-72,000,000","180,000,000",,,"-108,000,000","-170,000,000","-1,140,000,000","-428,000,000","-712,000,000","-712,000,000","-712,000,000","-712,000,000",,,"-712,000,000",-0.86,-0.86,"825,000,000","825,000,000","-828,000,000","414,000,000","10,408,000,000","-712,000,000","-667,031,578.95",,"137,000,000","-137,000,000","-1,003,000,000",,"9,502,000,000",,"-712,000,000","-72,000,000","-72,000,000","-931,000,000",0.375,"-27,031,578.95",49.58000183,50.15999985,49.09999847,49.18999863,44.27632523,7772200,DAL,"40,594,452,481","46,371,452,481",4.277,10.515,2.219,1.052,3.301,4.807,-46.233,12/31/14
17721.657,1.8,6.066666667,6.14402333,"11,178,000,000","10,020,000,000","8,782,000,000","2,396,000,000","991,000,000","476,000,000",,,,,"476,000,000",,,,"515,000,000","1,405,000,000","-154,000,000",,"154,000,000",,"-672,000,000",,"-704,000,000","570,000,000",,,"134,000,000","32,000,000","579,000,000","222,000,000","357,000,000","357,000,000","357,000,000","357,000,000",,,"357,000,000",0.43,0.42,"834,000,000","843,000,000","835,000,000","458,000,000","9,773,000,000","357,000,000","791,072,538.86",,"154,000,000","-154,000,000","733,000,000",,"8,782,000,000",,"357,000,000","-704,000,000","-704,000,000","1,437,000,000",0.383,"-269,927,461.14",36.00999832,36.52999878,35.18000031,36.15000153,32.4697113,15101800,DAL,"30,255,430,236","36,496,430,236",2.853,9.569,2.019,0.791,2.479,3.265,49.79,9/30/14
17432.909,2.066666667,6.2,6.23258167,"10,621,000,000","9,496,000,000","8,164,000,000","2,457,000,000","848,000,000","440,000,000",,,,,"440,000,000",,,,"408,000,000","1,609,000,000","-173,000,000",,"173,000,000",,"-138,000,000",,"-141,000,000","30,000,000",,,"111,000,000","3,000,000","1,298,000,000","497,000,000","801,000,000","801,000,000","801,000,000","801,000,000",,,"801,000,000",0.95,0.94,"841,000,000","850,000,000","1,579,000,000","411,000,000","9,012,000,000","801,000,000","888,011,556.24",,"173,000,000","-173,000,000","1,471,000,000",,"8,164,000,000",,"801,000,000","-141,000,000","-141,000,000","1,612,000,000",0.383,"-53,988,443.76",39.18000031,39.33000183,38.59999847,38.72000122,34.69167328,11834400,DAL,"32,641,191,003","40,027,191,003",3.09,9.452,1.994,0.869,2.804,3.769,27.211,6/30/14
17104.555,1.4,6.666666667,6.106293,"8,916,000,000","7,894,000,000","7,495,000,000","1,421,000,000","752,000,000","373,000,000",,,,,"373,000,000",,,,"379,000,000","669,000,000","-186,000,000",,"186,000,000",,"-148,000,000",,"-67,000,000","49,000,000",,,"18,000,000","-81,000,000","335,000,000","122,000,000","213,000,000","213,000,000","213,000,000","213,000,000",,,"213,000,000",0.25,0.25,"844,000,000","853,000,000","620,000,000","392,000,000","8,247,000,000","213,000,000","255,880,000",,"186,000,000","-186,000,000","521,000,000",,"7,495,000,000",,"213,000,000","-67,000,000","-67,000,000","588,000,000",0.36,"-24,120,000",33.75,34.90999985,33.75,34.65000153,30.9956913,10215900,DAL,"29,383,688,149","36,922,688,149",2.819,9.95,2.098,0.787,2.524,4.141,70.869,3/31/14
17083.137,1.233333333,6.933333333,6.10315433,"9,076,000,000","8,112,000,000","7,464,000,000","1,612,000,000","751,000,000","391,000,000",,,,,"391,000,000",,,,"360,000,000","861,000,000","-206,000,000",,"206,000,000",,"-180,000,000",,"-160,000,000","160,000,000",,,,"-20,000,000","475,000,000","-8,004,000,000","8,479,000,000","8,479,000,000","8,479,000,000","8,479,000,000",,,"8,479,000,000",10.02,9.89,"846,000,000","858,000,000","701,000,000","397,000,000","8,215,000,000","8,479,000,000","8,583,000,000",,"206,000,000","-206,000,000","681,000,000",,"7,464,000,000",,"8,479,000,000","-160,000,000","-160,000,000","841,000,000",0.35,"-56,000,000",27.22999954,27.64999962,27.20000076,27.46999931,24.52523994,9152400,DAL,"23,389,142,863","31,312,142,863",11.398,9.166,1.934,0.631,170.724,3.45,45.98,12/31/13
16848.748,1.566666667,7.233333333,6.12745333,"10,490,000,000","9,483,000,000","7,935,000,000","2,555,000,000","886,000,000","447,000,000",,,,,"447,000,000",,,,"439,000,000","1,669,000,000","-213,000,000",,"213,000,000",,"-93,000,000",,"-106,000,000","106,000,000",,,,"13,000,000","1,363,000,000","-6,000,000","1,369,000,000","1,369,000,000","1,369,000,000","1,369,000,000",,,"1,369,000,000",1.61,1.59,"851,000,000","861,000,000","1,563,000,000","425,000,000","8,821,000,000","1,369,000,000","1,437,900,000",,"213,000,000","-213,000,000","1,576,000,000",,"7,935,000,000",,"1,369,000,000","-106,000,000","-106,000,000","1,682,000,000",0.35,"-37,100,000",23.15999985,23.69000053,22.70999908,23.59000015,21.01384163,10827400,DAL,"20,182,327,403","28,480,327,403",11.507,8.818,1.86,0.55,,2.715,18.071,9/30/13
16637.926,1.433333333,7.533333333,6.156055,"9,707,000,000","8,726,000,000","7,986,000,000","1,721,000,000","773,000,000","408,000,000",,,,,"408,000,000",,,,"365,000,000","948,000,000","-213,000,000",,"213,000,000",,"-49,000,000",,"-34,000,000","34,000,000",,,,"-15,000,000","686,000,000","1,000,000","685,000,000","685,000,000","685,000,000","685,000,000",,,"685,000,000",0.81,0.8,"850,000,000","859,000,000","914,000,000","414,000,000","8,759,000,000","685,000,000","718,950,437.32",,"213,000,000","-213,000,000","899,000,000",,"7,986,000,000",,"685,000,000","-34,000,000","-34,000,000","933,000,000",0.001,"-49,562.68",,,,,,,,"16,025,960,205","24,745,960,205",17.819,7.246,1.529,0.434,,2.549,27.526,6/30/13
16569.591,1.7,7.733333333,6.224613,"8,500,000,000","7,571,000,000","7,463,000,000","1,037,000,000","713,000,000","357,000,000",,,,,"357,000,000",,,,"356,000,000","324,000,000","-220,000,000",,"220,000,000",,"-101,000,000",,"-102,000,000","102,000,000",,,,"1,000,000","3,000,000","-4,000,000","7,000,000","7,000,000","7,000,000","7,000,000",,,"7,000,000",0.01,0.01,"848,000,000","855,000,000","222,000,000","383,000,000","8,176,000,000","7,000,000","73,300,000",,"220,000,000","-220,000,000","223,000,000",,"7,463,000,000",,"7,000,000","-102,000,000","-102,000,000","325,000,000",0.35,"-35,700,000",,,,,,,,"14,059,767,277","23,394,767,277",13.874,5.797,0.991,0.383,,2.752,104.909,3/31/13
16358.863,1.9,7.8,6.25010967,"8,602,000,000","4,729,000,000","14,306,000,000","-5,704,000,000","-6,177,000,000","-5,370,000,000",,,,,"377,000,000",,,,"359,000,000","473,000,000","-382,000,000",,"382,000,000",,"-80,000,000",,"-53,000,000","200,000,000",,,"-69,000,000","-2,000,000","11,000,000","5,000,000","6,000,000","6,000,000","6,000,000","6,000,000",,,"6,000,000",0.01,0.01,"846,000,000","852,000,000","352,000,000","388,000,000","8,129,000,000","6,000,000","40,450,000",,"382,000,000","-382,000,000","393,000,000",,"14,306,000,000",,"6,000,000","-53,000,000","-53,000,000","446,000,000",0.35,"-18,550,000",11.56999969,12.05000019,11.55000019,11.86999989,10.5434885,11658400,DAL,"10,106,142,131","19,441,142,131",9.975,4.993,0.854,0.275,,2.26,49.469,12/31/12
16257.151,1.7,8.033333333,6.353122,"9,923,000,000","9,923,000,000","5,189,000,000","4,734,000,000","3,277,000,000","2,464,000,000","2,024,000,000","2,024,000,000","425,000,000","-425,000,000","440,000,000","392,000,000","392,000,000",,"421,000,000","1,457,000,000","-195,000,000",,"195,000,000","195,000,000","-210,000,000",,"-210,000,000","149,000,000",,,"61,000,000",,"1,052,000,000","5,000,000","1,047,000,000","1,047,000,000","1,047,000,000","1,047,000,000",,,"1,047,000,000",1.24,1.23,"846,000,000","850,000,000",,"425,000,000","8,466,000,000","1,047,000,000","1,256,001,901.14",,"195,000,000","-195,000,000","1,247,000,000",,"5,189,000,000","392,000,000","1,047,000,000","-210,000,000","-210,000,000","1,849,000,000",0.005,"-998,098.86",,,,,,,,"7,788,852,882","17,290,852,882",8.327,3.713,0.852,0.213,,1.743,10.55,9/30/12
16152.257,1.9,8.2,6.32860733,"9,732,000,000","9,732,000,000","6,268,000,000","3,464,000,000","3,137,000,000","2,353,000,000","1,960,000,000","1,960,000,000","415,000,000","-415,000,000","393,000,000","388,000,000","388,000,000",,"396,000,000","327,000,000","-207,000,000",,"207,000,000",,"-284,000,000",,"-284,000,000","193,000,000",,,"91,000,000",,"-164,000,000","4,000,000","-168,000,000","-168,000,000","-168,000,000","-168,000,000",,,"-168,000,000",-0.2,-0.2,"845,000,000","845,000,000",,"415,000,000","9,405,000,000","-168,000,000","16,600,000",,"207,000,000","-207,000,000","43,000,000",,"6,268,000,000","388,000,000","-168,000,000","-284,000,000","-284,000,000","715,000,000",0.35,"-99,400,000",,,,,,,,"9,303,547,991","18,809,547,991",7.11,4.168,0.869,0.259,,1.933,43.642,6/30/12
16019.758,2.833333333,8.266666667,6.30889433,"8,413,000,000","8,413,000,000","5,098,000,000","3,315,000,000","2,945,000,000","2,143,000,000","1,763,000,000","1,763,000,000","380,000,000","-380,000,000","380,000,000","386,000,000","386,000,000",,"416,000,000","370,000,000","-221,000,000",,"221,000,000",,"-22,000,000",,"-22,000,000","-12,000,000",,,"34,000,000",,"127,000,000","3,000,000","124,000,000","124,000,000","124,000,000","124,000,000",,,"124,000,000",0.15,0.15,"843,000,000","847,000,000",,"380,000,000","8,043,000,000","124,000,000","145,480,314.96",,"221,000,000","-221,000,000","348,000,000",,"5,098,000,000","386,000,000","124,000,000","-22,000,000","-22,000,000","756,000,000",0.024,"-519,685.04",,,,,,,,"8,383,327,121","18,559,327,121",9.817,3.776,0.293,0.238,,2.206,25.285,3/31/12
15796.46,3.3,8.633333333,6.35749967,"8,399,000,000","8,399,000,000","4,647,000,000","3,752,000,000","2,938,000,000","2,193,000,000","1,800,000,000","1,800,000,000","380,000,000","-380,000,000","393,000,000","382,000,000","382,000,000",,"363,000,000","814,000,000","-218,000,000",,"218,000,000",,"-179,000,000",,"-179,000,000","88,000,000",,,"91,000,000",,"417,000,000","-8,000,000","425,000,000","425,000,000","425,000,000","425,000,000",,,"425,000,000",0.51,0.5,"840,000,000","845,000,000",,"380,000,000","7,585,000,000","425,000,000","541,350,000",,"218,000,000","-218,000,000","635,000,000",,"4,647,000,000","382,000,000","425,000,000","-179,000,000","-179,000,000","1,196,000,000",0.35,"-62,650,000",,,,,,,,"6,853,398,843","18,082,398,843",15.264,3.591,1.197,0.197,5.596,2.153,17.78,12/31/11
15591.85,3.766666667,9,6.41673233,"9,816,000,000","9,816,000,000","5,781,000,000","4,035,000,000","3,172,000,000","2,364,000,000","1,884,000,000","1,884,000,000","414,000,000","-414,000,000","480,000,000","384,000,000","384,000,000",,"424,000,000","863,000,000","-229,000,000",,"229,000,000",,"-87,000,000",,"-87,000,000","3,000,000",,,"84,000,000",,"547,000,000","-2,000,000","549,000,000","549,000,000","549,000,000","549,000,000",,,"549,000,000",0.66,0.65,"838,000,000","844,000,000",,"414,000,000","8,953,000,000","549,000,000","605,550,000",,"229,000,000","-229,000,000","776,000,000",,"5,781,000,000","384,000,000","549,000,000","-87,000,000","-87,000,000","1,247,000,000",0.35,"-30,450,000",7.860000134,7.869999886,7.46999979,7.5,6.661850929,14810400,DAL,"6,353,583,600","17,582,583,600",14.151,3.837,1.279,0.183,5.199,1.791,15.157,9/30/11
15496.189,3.466666667,9.066666667,6.4995,"9,153,000,000","9,153,000,000","5,548,000,000","3,605,000,000","2,980,000,000","2,187,000,000","1,747,000,000","1,747,000,000","394,000,000","-394,000,000","440,000,000","381,000,000","381,000,000",,"412,000,000","625,000,000","-233,000,000",,"233,000,000",,"-197,000,000",,"-197,000,000","144,000,000",,,"53,000,000",,"195,000,000","-3,000,000","198,000,000","198,000,000","198,000,000","198,000,000",,,"198,000,000",0.24,0.23,"838,000,000","844,000,000",,"394,000,000","8,528,000,000","198,000,000","326,050,000",,"233,000,000","-233,000,000","428,000,000",,"5,548,000,000","381,000,000","198,000,000","-197,000,000","-197,000,000","1,006,000,000",0.35,"-68,950,000",9.270000458,9.359999657,9.159999847,9.170000076,8.145223618,20603300,DAL,"7,758,394,959","18,597,394,959",29.581,4.45,1.484,0.229,9.883,2.032,22.988,6/30/11
15285.828,2.133333333,9.033333333,6.580304,"7,747,000,000","7,747,000,000","4,931,000,000","2,816,000,000","2,901,000,000","2,096,000,000","1,727,000,000","1,727,000,000","391,000,000","-391,000,000","369,000,000","376,000,000","376,000,000",,"429,000,000","-85,000,000","-221,000,000",,"221,000,000",,"-83,000,000",,"-83,000,000","7,000,000",,,"76,000,000",,"-389,000,000","-71,000,000","-318,000,000","-318,000,000","-318,000,000","-318,000,000",,,"-318,000,000",-0.38,-0.38,"837,000,000","837,000,000",,"391,000,000","7,832,000,000","-318,000,000","-250,149,100.26",,"221,000,000","-221,000,000","-168,000,000",,"4,931,000,000","376,000,000","-318,000,000","-83,000,000","-83,000,000","291,000,000",0.183,"-15,149,100.26",9.840000153,9.979999542,9.710000038,9.800000191,8.704816818,11487500,DAL,"8,284,231,961","19,614,231,961",15.556,4.71,1.57,0.253,10.929,2.532,94.299,3/31/11
15240.843,1.266666667,9.5,6.658365,"7,789,000,000","7,789,000,000","2,922,000,000","4,867,000,000","2,819,000,000","3,659,000,000","3,295,000,000","1,746,000,000",,"2,822,000,000","364,000,000","372,000,000","372,000,000",,,"2,048,000,000","-219,000,000","5,000,000","224,000,000",,"-1,809,000,000",,"-1,809,000,000","108,000,000",,,"1,701,000,000",,"20,000,000","1,000,000","19,000,000","19,000,000","19,000,000","19,000,000",,,"19,000,000",,,,,,"395,000,000","5,741,000,000","19,000,000","1,737,550,000","5,000,000","224,000,000","-219,000,000","244,000,000",,"2,922,000,000","372,000,000","19,000,000","-1,809,000,000","-1,809,000,000","2,425,000,000",0.05,"-90,450,000",12.44999981,12.63000011,12.42000008,12.60000038,11.19191074,4262400,DAL,"10,517,517,649","22,159,517,649",18,5.596,1.865,0.334,17.214,2.845,35.973,12/31/10
15079.917,1.133333333,9.466666667,6.770695,"8,950,000,000","8,950,000,000","4,675,000,000","4,275,000,000","3,066,000,000","2,258,000,000","1,854,000,000","1,854,000,000","423,000,000","-423,000,000","404,000,000","375,000,000","375,000,000",,"433,000,000","1,209,000,000","-249,000,000","7,000,000","256,000,000",,"-594,000,000","-360,000,000","-594,000,000","206,000,000",,,"388,000,000",,"366,000,000","3,000,000","363,000,000","363,000,000","363,000,000","363,000,000",,,"363,000,000",0.43,0.43,"835,000,000","842,000,000",,"423,000,000","7,741,000,000","363,000,000","952,131,147.54","7,000,000","256,000,000","-249,000,000","622,000,000",,"4,675,000,000","375,000,000","363,000,000","-594,000,000","-594,000,000","1,591,000,000",0.008,"-4,868,852.46",11.60999966,11.68999958,11.39000034,11.64000034,10.33919144,8396100,DAL,"9,183,034,550","20,673,034,550",17.908,,,0.317,12.843,2.31,20.735,9/30/10
14926.098,1.766666667,9.633333333,6.824717,"8,168,000,000","8,168,000,000","3,917,000,000","4,251,000,000","3,317,000,000","2,535,000,000","2,158,000,000","1,792,000,000","425,000,000","-59,000,000","377,000,000","379,000,000","379,000,000",,"403,000,000","934,000,000","-312,000,000","3,000,000","315,000,000",,"-154,000,000",,"-154,000,000","82,000,000",,,"72,000,000",,"468,000,000","1,000,000","467,000,000","467,000,000","467,000,000","467,000,000",,,"467,000,000",0.56,0.55,"834,000,000","842,000,000",,"425,000,000","7,234,000,000","467,000,000","620,670,940.17","3,000,000","315,000,000","-312,000,000","783,000,000",,"3,917,000,000","379,000,000","467,000,000","-154,000,000","-154,000,000","1,316,000,000",0.002,"-329,059.83",11.36999989,12.25,11.30000019,11.75,10.43689823,16054200,DAL,"9,268,980,649","20,617,980,649",587.5,,,0.334,46.578,2.524,17.744,6/30/10
14721.35,2.333333333,9.833333333,6.82763967,"6,848,000,000","6,848,000,000","3,079,000,000","3,769,000,000","2,797,000,000","2,036,000,000","1,672,000,000","1,672,000,000","425,000,000","-425,000,000","364,000,000","385,000,000","385,000,000",,"376,000,000","972,000,000","-306,000,000","20,000,000","326,000,000",,"-62,000,000",,"-62,000,000","54,000,000",,,"8,000,000",,"-246,000,000","10,000,000","-256,000,000","-256,000,000","-256,000,000","-256,000,000",,,"-256,000,000",-0.31,-0.31,"832,000,000","832,000,000",,"425,000,000","5,876,000,000","-256,000,000","-215,700,000","20,000,000","326,000,000","-306,000,000","80,000,000",,"3,079,000,000","385,000,000","-256,000,000","-62,000,000","-62,000,000","527,000,000",0.35,"-21,700,000",14.47999954,14.69999981,14.39000034,14.59000015,12.95951939,6676200,DAL,"11,488,003,584","27,483,003,584",,,,0.428,159.556,4.013,59.103,3/31/10