TotalRevenue,	OperatingRevenue,CostOfRevenue,GrossProfit,OperatingExpense,	SellingGeneralAndAdministration,	DepreciationAmortizationDepletionIncomeStatement,		DepreciationAndAmortizationInIncomeStatement,			Amortization,				AmortizationOfIntangiblesIncomeStatement,OperatingIncome,NetNonOperatingInterestIncomeExpense,	InterestIncomeNonOperating,	InterestExpenseNonOperating,	TotalOtherFinanceCost,OtherIncomeExpense,	GainOnSaleOfSecurity,	EarningsFromEquityInterest,	SpecialIncomeCharges,		RestructuringAndMergernAcquisition,		ImpairmentOfCapitalAssets,		OtherSpecialCharges,		GainOnSaleOfBusiness,		GainOnSaleOfPPE,	OtherNonOperatingIncomeExpenses,PretaxIncome,TaxProvision,NetIncomeCommonStockholders,	NetIncome,		NetIncomeIncludingNoncontrollingInterests,			NetIncomeContinuousOperations,			NetIncomeDiscontinuousOperations,			NetIncomeExtraordinary,		MinorityInterests,DilutedNIAvailtoComStockholders,BasicEPS,DilutedEPS,BasicAverageShares,DilutedAverageShares,TotalExpenses,NetIncomeFromContinuingAndDiscontinuedOperation,NormalizedIncome,InterestIncome,InterestExpense,NetInterestIncome,EBIT,EBITDA,ReconciledCostOfRevenue,ReconciledDepreciation,NetIncomeFromContinuingOperationNetMinorityInterest,TotalUnusualItemsExcludingGoodwill,TotalUnusualItems,NormalizedEBITDA,TaxRateForCalcs,TaxEffectOfUnusualItems,open,high,low,close,adjclose,volume,ticker,MarketCap,EnterpriseValue,PeRatio,ForwardPeRatio,PegRatio,PsRatio,PbRatio,EnterprisesValueRevenueRatio,EnterprisesValueEBITDARatio,date
"15,613,000,000","15,613,000,000","9,782,000,000","5,831,000,000","4,385,000,000","3,113,000,000","1,272,000,000","1,272,000,000",,,"1,446,000,000","-284,000,000","131,000,000","415,000,000",,"68,000,000",,"213,000,000","-414,000,000","414,000,000",,,,,"269,000,000","1,230,000,000","108,000,000","901,000,000","901,000,000","1,111,000,000","1,122,000,000","-11,000,000",,"-210,000,000","901,000,000",0.5,0.49,"1,817,000,000","1,829,000,000","14,167,000,000","901,000,000","1,289,568,000","131,000,000","415,000,000","-284,000,000","1,645,000,000",,"9,782,000,000","1,272,000,000","912,000,000","-414,000,000","-414,000,000","3,331,000,000",0.088,"-36,432,000",185.8300018310547,186.89999389648438,184.4199981689453,184.52000427246094,184.52000427246094,8478000.0,DIS,"334,952,494,643","376,159,494,643",,149.254,4.569,5.496,3.984,24.093,128.954,2021-03-31
"16,249,000,000","16,249,000,000","11,775,000,000","4,474,000,000","4,215,000,000","2,917,000,000","1,298,000,000","1,298,000,000",,,"259,000,000","-291,000,000","113,000,000","404,000,000",,"78,000,000",,"224,000,000","-113,000,000","113,000,000",,,,,"-33,000,000","46,000,000","16,000,000","17,000,000","17,000,000","18,000,000","30,000,000","-12,000,000",,"-1,000,000","17,000,000",0.01,0.01,"1,812,000,000","1,823,000,000","15,990,000,000","17,000,000","102,676,000","113,000,000","404,000,000","-291,000,000","450,000,000",,"11,775,000,000","1,298,000,000","29,000,000","-113,000,000","-113,000,000","1,861,000,000",0.348,"-39,324,000",181.22000122070312,183.39999389648438,180.27000427246094,181.17999267578125,181.17999267578125,7073500.0,DIS,"328,023,679,003","368,737,679,003",,89.286,2.967,5.01,3.925,22.693,210.948,2020-12-31
"14,707,000,000","14,707,000,000","11,013,000,000","3,694,000,000","4,147,000,000","2,812,000,000","1,335,000,000","1,335,000,000",,,"-453,000,000","-488,000,000","-24,000,000","464,000,000",,"361,000,000","65,000,000","106,000,000","198,000,000","393,000,000",,"-591,000,000",,,,"-580,000,000","49,000,000","-710,000,000","-710,000,000","-629,000,000","-629,000,000",0,,"-81,000,000","-710,000,000",-0.39,-0.39,"1,809,000,000","1,809,000,000","15,160,000,000","-710,000,000","-901,990,000","-24,000,000","464,000,000","-488,000,000","-116,000,000",,"11,013,000,000","1,335,000,000","-710,000,000","263,000,000","263,000,000","956,000,000",0.27,"71,010,000",123.23999786376953,125.55000305175781,123.23999786376953,124.08000183105469,124.08000183105469,13642500.0,DIS,"224,220,422,329","265,526,422,329",,48.077,13.327,3.218,2.611,18.054,217.823,2020-09-30
"11,779,000,000","11,779,000,000","7,896,000,000","3,883,000,000","3,832,000,000","2,455,000,000","1,377,000,000","1,377,000,000",,,"51,000,000","-415,000,000","41,000,000","456,000,000",,"-4,476,000,000",,"186,000,000","-4,665,000,000","94,000,000","4,953,000,000","-382,000,000",,,"3,000,000","-4,840,000,000","-331,000,000","-4,721,000,000","-4,721,000,000","-4,512,000,000","-4,509,000,000","-3,000,000",,"-209,000,000","-4,721,000,000",-2.61,-2.61,"1,809,000,000","1,809,000,000","11,728,000,000","-4,721,000,000","-370,220,000","41,000,000","456,000,000","-415,000,000","-4,384,000,000",,"7,894,000,000","1,379,000,000","-4,718,000,000","-4,665,000,000","-4,665,000,000","1,660,000,000",0.068,"-317,220,000",111.5,112.05000305175781,109.93000030517578,111.51000213623047,111.51000213623047,10565900.0,DIS,"198,599,310,000","239,706,310,000",48.694,36.232,10.029,2.588,2.197,20.35,-79.769,2020-06-30
"18,009,000,000","18,009,000,000","11,918,000,000","6,091,000,000","4,721,000,000","3,388,000,000","1,333,000,000","1,333,000,000",,,"1,370,000,000","-302,000,000","63,000,000","365,000,000",,"-8,000,000",,"135,000,000","-145,000,000","145,000,000",,,,,"2,000,000","1,060,000,000","525,000,000","460,000,000","460,000,000","520,000,000","535,000,000","-15,000,000",,"-60,000,000","460,000,000",0.25,0.25,"1,808,000,000","1,816,000,000","16,639,000,000","460,000,000","580,850,000","63,000,000","365,000,000","-302,000,000","1,425,000,000",,"11,918,000,000","1,333,000,000","475,000,000","-145,000,000","-145,000,000","2,903,000,000",0.27,"-39,150,000",100.22000122070312,103.16000366210938,96.16000366210938,96.5999984741211,96.5999984741211,21563200.0,DIS,"172,044,600,000","213,286,600,000",17.312,23.148,3.887,2.245,1.917,11.843,77.334,2020-03-31
"20,858,000,000","20,858,000,000","13,016,000,000","7,842,000,000","5,001,000,000","3,703,000,000","1,298,000,000","1,298,000,000",,,"2,841,000,000","-286,000,000","76,000,000","362,000,000",,"77,000,000",,"224,000,000","-150,000,000","150,000,000",,,,,"3,000,000","2,632,000,000","459,000,000","2,107,000,000","2,107,000,000","2,147,000,000","2,173,000,000","-26,000,000",,"-40,000,000","2,107,000,000",1.17,1.16,"1,805,000,000","1,817,000,000","18,017,000,000","2,107,000,000","2,256,900,000","76,000,000","362,000,000","-286,000,000","2,994,000,000",,"13,016,000,000","1,298,000,000","2,133,000,000","-150,000,000","-150,000,000","4,442,000,000",0.174,"-26,100,000",143.6699981689453,144.77000427246094,143.25999450683594,144.6300048828125,144.6300048828125,5662900.0,DIS,"257,586,030,000","299,154,030,000",23.067,27.1,3.34,3.463,2.898,14.342,69.7,2019-12-31
"19,100,000,000","19,100,000,000","11,822,000,000","7,278,000,000","4,993,000,000","3,697,000,000","1,296,000,000","1,296,000,000",,,"2,285,000,000","-284,000,000","129,000,000","413,000,000",,"-743,000,000",,"131,000,000","-797,000,000","314,000,000",,"511,000,000",,,,"1,258,000,000","344,000,000","1,054,000,000","1,054,000,000","1,205,000,000","914,000,000","291,000,000",,"-151,000,000","1,054,000,000",0.58,0.58,"1,804,000,000","1,816,000,000","16,815,000,000","1,054,000,000","1,342,060,413.355","129,000,000","413,000,000","-284,000,000","1,671,000,000",,"11,822,000,000","1,296,000,000","763,000,000","-797,000,000","-797,000,000","3,764,000,000",0.273,"-217,939,586.645",130.35000610351562,130.86000061035156,129.82000732421875,130.32000732421875,129.5438690185547,5532500.0,DIS,"232,099,920,000","283,605,920,000",17.307,21.413,3.19,3.192,2.565,14.848,95.587,2019-09-30
"20,245,000,000","20,245,000,000","12,819,000,000","7,426,000,000","4,666,000,000","3,362,000,000","1,304,000,000","1,304,000,000",,,"2,760,000,000","-438,000,000","34,000,000","472,000,000","411,000,000","-304,000,000",,"-1,000,000","-330,000,000","330,000,000",,,,,"27,000,000","2,018,000,000","395,000,000","1,760,000,000","1,760,000,000","1,982,000,000","1,623,000,000","359,000,000",,"-222,000,000","1,760,000,000",0.98,0.97,"1,802,000,000","1,814,000,000","17,485,000,000","1,760,000,000","1,666,320,000","34,000,000","472,000,000","-438,000,000","2,490,000,000",,"12,819,000,000","1,304,000,000","1,401,000,000","-330,000,000","-330,000,000","4,124,000,000",0.196,"-64,680,000",,,,,,,,"251,309,957,468","298,162,957,468",15.655,21.459,3.195,3.524,2.765,14.728,78.588,2019-06-30
"14,922,000,000","14,922,000,000","8,376,000,000","6,546,000,000","3,155,000,000","2,327,000,000","828,000,000","828,000,000",,,"3,391,000,000","-168,000,000","30,000,000","198,000,000",,"4,014,000,000",,"-312,000,000","4,301,000,000","-4,255,000,000",,"-46,000,000",,,"25,000,000","7,237,000,000","1,647,000,000","5,452,000,000","5,452,000,000","5,611,000,000","5,590,000,000","21,000,000",,"-159,000,000","5,452,000,000",3.56,3.55,"1,530,000,000","1,537,000,000","11,531,000,000","5,452,000,000","2,110,628,000","30,000,000","198,000,000","-168,000,000","7,435,000,000",,"8,376,000,000","828,000,000","5,431,000,000","4,301,000,000","4,301,000,000","3,962,000,000",0.228,"980,628,000",,,,,,,,"199,589,903,819","215,799,903,819",15.189,15.949,1.801,2.807,3.93,14.462,26.116,2019-03-31
"15,303,000,000","15,303,000,000","9,001,000,000","6,302,000,000","2,884,000,000","2,152,000,000","732,000,000","732,000,000",,,"3,418,000,000","-88,000,000","75,000,000","163,000,000",,"101,000,000",,"76,000,000",0,0,,,,,"25,000,000","3,431,000,000","645,000,000","2,788,000,000","2,788,000,000","2,786,000,000","2,786,000,000",,,"2,000,000","2,788,000,000",1.87,1.86,"1,490,000,000","1,498,000,000","11,885,000,000","2,788,000,000","2,788,000,000","75,000,000","163,000,000","-88,000,000","3,594,000,000",,"9,001,000,000","732,000,000","2,788,000,000",0,0,"4,326,000,000",0.188,0,109.11000061035156,109.66999816894531,107.55000305175781,109.6500015258789,108.32612609863281,7241700.0,DIS,"164,475,000,000","181,199,000,000",13.116,14.881,1.217,2.78,3.35,11.841,41.886,2018-12-31
"14,307,000,000","14,307,000,000","8,108,000,000","6,199,000,000","3,116,000,000","2,322,000,000","794,000,000","794,000,000",,,"3,083,000,000","-159,000,000","30,000,000","189,000,000",,"278,000,000",,"-224,000,000","596,000,000","2,000,000",,,,,"507,000,000","3,202,000,000","783,000,000","2,322,000,000","2,322,000,000","2,419,000,000","2,419,000,000",,,"-97,000,000","2,322,000,000",1.56,1.55,"1,489,000,000","1,497,000,000","11,224,000,000","2,322,000,000","1,871,742,660.837","30,000,000","189,000,000","-159,000,000","3,391,000,000",,"8,108,000,000","794,000,000","2,322,000,000","596,000,000","596,000,000","3,589,000,000",0.245,"145,742,660.837",,,,,,,,"173,918,149,176","193,265,149,176",14.709,15.974,1.512,3.069,3.806,13.508,46.18,2018-09-30
"15,228,000,000","15,228,000,000","8,348,000,000","6,880,000,000","2,956,000,000","2,212,000,000","744,000,000","744,000,000",,,"3,924,000,000","-143,000,000","32,000,000","175,000,000",,"73,000,000",,"73,000,000",,,,,,,,"3,854,000,000","795,000,000","2,916,000,000","2,916,000,000","3,059,000,000","3,059,000,000",,,"-143,000,000","2,916,000,000",1.96,1.95,"1,491,000,000","1,498,000,000","11,304,000,000","2,916,000,000","2,916,000,000","32,000,000","175,000,000","-143,000,000","4,029,000,000",,"8,348,000,000","744,000,000","2,916,000,000",,,"4,773,000,000",0.206,0,,,,,,,,"155,826,324,202","176,331,324,202",13.975,13.495,1.103,2.83,3.482,11.579,36.944,2018-06-30
"14,548,000,000","14,548,000,000","7,533,000,000","7,015,000,000","2,978,000,000","2,247,000,000","731,000,000","731,000,000",,,"4,037,000,000","-143,000,000","29,000,000","172,000,000",,"34,000,000",,"6,000,000","-13,000,000","13,000,000",,,,,"41,000,000","3,928,000,000","813,000,000","2,937,000,000","2,937,000,000","3,115,000,000","3,115,000,000",,,"-178,000,000","2,937,000,000",1.95,1.95,"1,503,000,000","1,510,000,000","10,511,000,000","2,937,000,000","2,947,309,000","29,000,000","172,000,000","-143,000,000","4,100,000,000",,"7,533,000,000","731,000,000","2,937,000,000","-13,000,000","-13,000,000","4,844,000,000",0.207,"-2,691,000",,,,,,,,"151,029,165,110","172,443,165,110",14.247,14.286,1.216,2.808,3.48,11.853,35.695,2018-03-31
"15,351,000,000","15,351,000,000","8,737,000,000","6,614,000,000","2,821,000,000","2,079,000,000","742,000,000","742,000,000",,,"3,793,000,000","-129,000,000","17,000,000","146,000,000",,"81,000,000",,"43,000,000","38,000,000","15,000,000",,,,"53,000,000","53,000,000","3,745,000,000","-728,000,000","4,423,000,000","4,423,000,000","4,473,000,000","4,473,000,000",,,"-50,000,000","4,423,000,000",2.93,2.91,"1,512,000,000","1,521,000,000","11,558,000,000","4,423,000,000","4,392,372,000","17,000,000","146,000,000","-129,000,000","3,891,000,000",,"8,737,000,000","742,000,000","4,423,000,000","38,000,000","38,000,000","4,595,000,000",0.194,"7,372,000",,,,,,,,"162,047,877,929","183,321,877,929",18.895,17.331,1.777,3.077,3.922,11.942,39.569,2017-12-31
"12,779,000,000","12,779,000,000","7,214,000,000","5,565,000,000","2,936,000,000","2,228,000,000","708,000,000","708,000,000",,,"2,629,000,000","-85,000,000","52,000,000","137,000,000",,"150,000,000",,"-7,000,000","-20,000,000","-157,000,000",,,,,"255,000,000","2,694,000,000","829,000,000","1,747,000,000","1,747,000,000","1,865,000,000","1,865,000,000",,,"-118,000,000","1,747,000,000",1.14,1.13,"1,538,000,000","1,547,000,000","10,150,000,000","1,747,000,000","1,760,845,582.777","52,000,000","137,000,000","-85,000,000","2,831,000,000",,"7,214,000,000","708,000,000","1,747,000,000","-20,000,000","-20,000,000","3,559,000,000",0.308,"-6,154,417.223",,,,,,,,"152,140,918,325","169,991,918,325",17.446,15.385,1.924,2.832,3.476,13.302,48.034,2017-09-30
"14,238,000,000","14,238,000,000","7,717,000,000","6,521,000,000","2,733,000,000","2,022,000,000","711,000,000","711,000,000",,,"3,788,000,000","-117,000,000","17,000,000","134,000,000",,"-53,000,000",,"124,000,000",0,0,,,,,"-177,000,000","3,618,000,000","1,144,000,000","2,366,000,000","2,366,000,000","2,474,000,000","2,474,000,000",,,"-108,000,000","2,366,000,000",1.51,1.51,"1,562,000,000","1,572,000,000","10,450,000,000","2,366,000,000","2,366,000,000","17,000,000","134,000,000","-117,000,000","3,752,000,000",,"7,717,000,000","711,000,000","2,366,000,000",0,0,"4,463,000,000",0.316,0,106.25,106.55999755859375,105.5,106.25,101.74715423583984,5113800.0,DIS,"166,268,399,700","184,121,399,700",18.51,15.528,1.804,3.08,3.797,12.932,41.255,2017-06-30
"13,336,000,000","13,336,000,000","6,969,000,000","6,367,000,000","2,617,000,000","1,941,000,000","676,000,000","676,000,000",,,"3,750,000,000","-84,000,000","31,000,000","115,000,000",,"85,000,000",,"85,000,000",0,0,,,,,,"3,751,000,000","1,212,000,000","2,388,000,000","2,388,000,000","2,539,000,000","2,539,000,000",,,"-151,000,000","2,388,000,000",1.51,1.5,"1,580,000,000","1,591,000,000","9,586,000,000","2,388,000,000","2,388,000,000","31,000,000","115,000,000","-84,000,000","3,866,000,000",,"6,969,000,000","676,000,000","2,388,000,000",0,0,"4,542,000,000",0.323,0,113.0,113.70999908447266,112.94999694824219,113.38999938964844,108.58456420898438,4617400.0,DIS,"179,297,738,160","196,051,738,160",20.431,19.084,2.309,3.335,4.149,14.701,43.164,2017-03-31
"14,784,000,000","14,784,000,000","8,406,000,000","6,378,000,000","2,672,000,000","1,985,000,000","687,000,000","687,000,000",,,"3,706,000,000","-99,000,000","22,000,000","121,000,000",,"118,000,000",,"118,000,000",0,0,,,,,,"3,725,000,000","1,237,000,000","2,479,000,000","2,479,000,000","2,488,000,000","2,488,000,000",,,"-9,000,000","2,479,000,000",1.56,1.55,"1,592,000,000","1,603,000,000","11,078,000,000","2,479,000,000","2,479,000,000","22,000,000","121,000,000","-99,000,000","3,846,000,000",,"8,406,000,000","687,000,000","2,479,000,000",0,0,"4,533,000,000",0.332,0,,,,,,,,"165,862,063,544","181,422,063,544",18.188,17.452,2.167,3.07,3.854,12.272,40.023,2016-12-31
"13,142,000,000","13,142,000,000","7,305,000,000","5,837,000,000","2,976,000,000","2,287,000,000","689,000,000","689,000,000",,,"2,861,000,000","-99,000,000","20,000,000","119,000,000",,"119,000,000",,"150,000,000","-31,000,000","31,000,000",,,,,,"2,881,000,000","989,000,000","1,771,000,000","1,771,000,000","1,892,000,000","1,892,000,000",,,"-121,000,000","1,771,000,000",1.1,1.1,"1,606,000,000","1,615,000,000","10,281,000,000","1,771,000,000","1,791,358,208.955","20,000,000","119,000,000","-99,000,000","3,000,000,000",,"7,305,000,000","689,000,000","1,771,000,000","-31,000,000","-31,000,000","3,720,000,000",0.343,"-10,641,791.045",92.27999877929688,93.48999786376953,92.20999908447266,92.86000061035156,88.24453735351562,8923700.0,DIS,"149,235,415,853","164,449,415,853",16.642,15.221,1.707,2.75,3.377,12.513,44.578,2016-09-30
"14,277,000,000","14,277,000,000","7,201,000,000","7,076,000,000","2,931,000,000","2,305,000,000","626,000,000","626,000,000",,,"4,145,000,000","-70,000,000","18,000,000","88,000,000",,"108,000,000",,"152,000,000","-44,000,000","44,000,000",,,,,,"4,183,000,000","1,471,000,000","2,597,000,000","2,597,000,000","2,712,000,000","2,712,000,000",,,"-115,000,000","2,597,000,000",1.6,1.59,"1,621,000,000","1,631,000,000","10,132,000,000","2,597,000,000","2,625,512,000","18,000,000","88,000,000","-70,000,000","4,271,000,000",,"7,201,000,000","626,000,000","2,597,000,000","-44,000,000","-44,000,000","4,941,000,000",0.352,"-15,488,000",97.0999984741211,98.06999969482422,96.87999725341797,97.81999969482422,92.28761291503906,7189500.0,DIS,"158,707,150,056","174,814,150,056",17.982,15.576,1.487,2.995,3.597,12.244,35.698,2016-06-30
"12,969,000,000","12,969,000,000","6,864,000,000","6,105,000,000","2,742,000,000","2,137,000,000","605,000,000","605,000,000",,,"3,363,000,000","-67,000,000","14,000,000","81,000,000",,"150,000,000",,"150,000,000",0,0,,,,,,"3,446,000,000","1,170,000,000","2,143,000,000","2,143,000,000","2,276,000,000","2,276,000,000",,,"-133,000,000","2,143,000,000",1.31,1.3,"1,633,000,000","1,643,000,000","9,606,000,000","2,143,000,000","2,143,000,000","14,000,000","81,000,000","-67,000,000","3,527,000,000",,"6,864,000,000","605,000,000","2,143,000,000",0,0,"4,132,000,000",0.34,0,99.01000213623047,100.37000274658203,99.01000213623047,99.30999755859375,93.69335174560547,7038800.0,DIS,"162,031,231,596","176,645,231,596",18.528,15.48,1.432,3.102,3.686,13.621,42.751,2016-03-31
"15,244,000,000","15,244,000,000","8,623,000,000","6,621,000,000","2,632,000,000","2,025,000,000","607,000,000","607,000,000",,,"3,989,000,000","-24,000,000","42,000,000","66,000,000",,"393,000,000",,"474,000,000","-81,000,000","81,000,000",,,,,,"4,358,000,000","1,448,000,000","2,880,000,000","2,880,000,000","2,910,000,000","2,910,000,000",,,"-30,000,000","2,880,000,000",1.74,1.73,"1,654,000,000","1,668,000,000","11,255,000,000","2,880,000,000","2,934,108,000","42,000,000","66,000,000","-24,000,000","4,424,000,000",,"8,623,000,000","607,000,000","2,880,000,000","-81,000,000","-81,000,000","5,112,000,000",0.332,"-26,892,000",106.13999938964844,106.30999755859375,105.05999755859375,105.08000183105469,99.13700866699219,6670100.0,DIS,"173,715,932,365","186,782,932,365",21.445,18.587,2.018,3.423,3.902,12.253,37.126,2015-12-31
"13,512,000,000","13,512,000,000","7,355,000,000","6,157,000,000","3,009,000,000","2,406,000,000","603,000,000","603,000,000",,,"3,148,000,000","-55,000,000","13,000,000","68,000,000",,"131,000,000",,"184,000,000","-53,000,000","53,000,000",,,,,,"3,224,000,000","1,483,000,000","1,609,000,000","1,609,000,000","1,741,000,000","1,741,000,000",,,"-132,000,000","1,609,000,000",0.96,0.95,"1,679,000,000","1,694,000,000","10,364,000,000","1,609,000,000","1,640,800,000","13,000,000","68,000,000","-55,000,000","3,292,000,000",,"7,355,000,000","603,000,000","1,609,000,000","-53,000,000","-53,000,000","3,948,000,000",0.4,"-21,200,000",100.77999877929688,102.43000030517578,100.5,102.19999694824219,95.80575561523438,9190000.0,DIS,"172,499,080,752","183,297,080,752",21.247,18.282,1.556,3.422,3.708,13.566,47.06,2015-09-30
"13,101,000,000","13,101,000,000","6,663,000,000","6,438,000,000","2,676,000,000","2,101,000,000","575,000,000","575,000,000",,,"3,762,000,000","-12,000,000","50,000,000","62,000,000",,"212,000,000",,"212,000,000",0,0,,,,,,"3,962,000,000","1,323,000,000","2,483,000,000","2,483,000,000","2,639,000,000","2,639,000,000",,,"-156,000,000","2,483,000,000",1.46,1.45,"1,696,000,000","1,711,000,000","9,339,000,000","2,483,000,000","2,483,000,000","50,000,000","62,000,000","-12,000,000","4,024,000,000",,"6,663,000,000","575,000,000","2,483,000,000",0,0,"4,599,000,000",0.334,0,113.93000030517578,114.86000061035156,113.55000305175781,114.13999938964844,106.38001251220703,6946700.0,DIS,"182,624,000,000","193,836,000,000",24.546,20.04,1.74,3.891,3.967,14.796,42.147,2015-06-30
"12,461,000,000","12,461,000,000","6,690,000,000","5,771,000,000","2,665,000,000","2,081,000,000","584,000,000","584,000,000",,,"3,106,000,000","8,000,000","74,000,000","66,000,000",,"206,000,000",,"206,000,000",0,0,,,,0,,"3,320,000,000","1,092,000,000","2,108,000,000","2,108,000,000","2,228,000,000","2,228,000,000",,,"-120,000,000","2,108,000,000",1.24,1.23,"1,699,000,000","1,715,000,000","9,355,000,000","2,108,000,000","2,108,000,000","74,000,000","66,000,000","8,000,000","3,386,000,000",,"6,690,000,000","584,000,000","2,108,000,000",0,0,"3,970,000,000",0.329,0,105.5999984741211,106.31999969482422,104.88999938964844,104.88999938964844,97.7588882446289,5701600.0,DIS,"178,313,000,000","189,779,000,000",23.309,18.868,1.578,3.663,4.037,15.23,47.803,2015-03-31
"13,391,000,000","13,391,000,000","7,656,000,000","5,735,000,000","2,527,000,000","1,935,000,000","592,000,000","592,000,000",,,"3,208,000,000","-58,000,000","11,000,000","69,000,000",,"212,000,000",,"212,000,000",0,0,,,,,,"3,362,000,000","1,118,000,000","2,182,000,000","2,182,000,000","2,244,000,000","2,244,000,000",,,"-62,000,000","2,182,000,000",1.28,1.27,"1,700,000,000","1,717,000,000","10,183,000,000","2,182,000,000","2,182,000,000","11,000,000","69,000,000","-58,000,000","3,431,000,000",,"7,656,000,000","592,000,000","2,182,000,000",0,0,"4,023,000,000",0.333,0,95.12999725341797,95.5199966430664,94.02999877929688,94.19000244140625,87.7863540649414,4797000.0,DIS,"160,123,000,000","171,542,000,000",22.11,19.268,1.634,3.394,3.562,12.81,42.64,2014-12-31
"12,389,000,000","12,389,000,000","-860,000,000","13,249,000,000",,,,,,,"2,396,000,000","-38,000,000","34,000,000","72,000,000",,"103,000,000",,"176,000,000","4,000,000","73,000,000",,,,,"66,000,000","2,461,000,000","836,000,000","1,499,000,000","1,499,000,000","1,625,000,000","1,625,000,000",,,"-126,000,000","1,499,000,000",0.87,0.86,"1,716,000,000","1,734,000,000","9,993,000,000","1,499,000,000","1,590,781,796.018","34,000,000","72,000,000","-38,000,000","2,533,000,000",,"-860,000,000","590,000,000","1,499,000,000","-139,000,000","-139,000,000","3,262,000,000",0.34,"-47,218,203.982",88.83999633789062,89.54000091552734,88.54000091552734,89.02999877929688,81.93574523925781,4824500.0,DIS,"151,351,000,000","163,397,000,000",21.35,19.455,1.322,3.295,3.325,13.189,52.321,2014-09-30
"12,466,000,000","12,466,000,000","8,968,000,000","3,498,000,000",,,,,,,"3,498,000,000","-50,000,000","24,000,000","74,000,000",,"222,000,000",,"222,000,000",0,0,,,,,,"3,670,000,000","1,251,000,000","2,245,000,000","2,245,000,000","2,419,000,000","2,419,000,000",,,"-174,000,000","2,245,000,000",1.3,1.28,"1,732,000,000","1,748,000,000","8,968,000,000","2,245,000,000","2,245,000,000","24,000,000","74,000,000","-50,000,000","3,744,000,000",,"8,968,000,000","557,000,000","2,245,000,000",0,0,"4,301,000,000",0.341,0,85.44000244140625,86.06999969482422,85.06999969482422,85.73999786376953,78.90791320800781,6991400.0,DIS,"145,758,000,000","157,284,000,000",22.041,18.315,1.506,3.267,3.247,12.617,36.569,2014-06-30
"11,649,000,000","11,649,000,000","8,668,000,000","2,981,000,000",,,,,,,"2,981,000,000","62,000,000","129,000,000","67,000,000","-62,000,000","132,000,000","-143,000,000","217,000,000","29,000,000","48,000,000",,,0,"77,000,000","29,000,000","3,175,000,000","1,119,000,000","1,917,000,000","1,917,000,000","2,056,000,000","2,056,000,000",,,"-139,000,000","1,917,000,000",1.1,1.08,"1,750,000,000","1,770,000,000","8,668,000,000","1,917,000,000","1,990,872,000","129,000,000","67,000,000","62,000,000","3,242,000,000",,"8,668,000,000","580,000,000","1,917,000,000","-114,000,000","-114,000,000","3,936,000,000",0.352,"-40,128,000",79.69999694824219,80.38999938964844,79.66000366210938,80.06999969482422,73.6897201538086,6848800.0,DIS,"136,119,000,000","147,123,000,000",21.997,17.094,1.377,3.148,3.071,12.63,38.494,2014-03-31
"12,309,000,000","12,309,000,000","9,644,000,000","2,665,000,000",,,,,,,"2,665,000,000","49,000,000","130,000,000","81,000,000",,"226,000,000",,"239,000,000","-19,000,000","19,000,000",,,0,,"6,000,000","2,940,000,000","1,036,000,000","1,840,000,000","1,840,000,000","1,904,000,000","1,904,000,000",,,"-64,000,000","1,840,000,000",1.04,1.03,"1,762,000,000","1,784,000,000","9,644,000,000","1,840,000,000","1,852,312,000","130,000,000","81,000,000","49,000,000","3,021,000,000",,"9,644,000,000","561,000,000","1,840,000,000","-19,000,000","-19,000,000","3,601,000,000",0.352,"-6,688,000",76.27999877929688,76.5,75.80999755859375,76.4000015258789,70.3121566772461,4692300.0,DIS,"129,880,000,000","140,511,000,000",22.604,18.657,1.437,3.075,2.859,11.415,39.227,2013-12-31
"11,568,000,000","11,568,000,000","9,409,000,000","2,159,000,000",,,,,,,"2,159,000,000","-26,000,000","55,000,000","81,000,000",,"91,000,000",,"161,000,000","-162,000,000","93,000,000",,,,,"23,000,000","2,224,000,000","681,000,000","1,394,000,000","1,394,000,000","1,543,000,000","1,543,000,000",,,"-149,000,000","1,394,000,000",0.78,0.77,"1,786,000,000","1,805,000,000","9,409,000,000","1,394,000,000","1,506,394,784.173","55,000,000","81,000,000","-26,000,000","2,305,000,000",,"9,409,000,000","559,000,000","1,394,000,000","-162,000,000","-162,000,000","3,026,000,000",0.306,"-49,605,215.827",64.7300033569336,64.94999694824219,64.38999938964844,64.48999786376953,58.62739181518555,7463200.0,DIS,"116,082,000,000","127,153,000,000",19.542,16.181,1.202,2.647,2.666,10.992,44.397,2013-09-30
"11,578,000,000","11,578,000,000","8,574,000,000","3,004,000,000",,,,,,,"3,004,000,000","-83,000,000","10,000,000","93,000,000",,"172,000,000",,"232,000,000","-60,000,000","60,000,000",,,,,,"3,093,000,000","1,059,000,000","1,847,000,000","1,847,000,000","2,034,000,000","2,034,000,000",,,"-187,000,000","1,847,000,000",1.02,1.01,"1,802,000,000","1,821,000,000","8,574,000,000","1,847,000,000","1,886,480,000","10,000,000","93,000,000","-83,000,000","3,186,000,000",,"8,574,000,000","569,000,000","1,847,000,000","-60,000,000","-60,000,000","3,815,000,000",0.342,"-20,520,000",,,,,,,,"113,729,454,840","126,714,454,840",19.136,15.674,1.061,2.617,2.701,10.944,33.746,2013-06-30
"10,554,000,000","10,554,000,000","8,359,000,000","2,195,000,000",,,,,,,"2,195,000,000","-54,000,000","29,000,000","83,000,000",,"134,000,000",,"185,000,000","-61,000,000","61,000,000",,,0,,"10,000,000","2,275,000,000","654,000,000","1,513,000,000","1,513,000,000","1,621,000,000","1,621,000,000",,,"-108,000,000","1,513,000,000",0.84,0.83,"1,804,000,000","1,825,000,000","8,359,000,000","1,513,000,000","1,556,432,000","29,000,000","83,000,000","-54,000,000","2,358,000,000",,"8,359,000,000","550,000,000","1,513,000,000","-61,000,000","-61,000,000","2,969,000,000",0.288,"-17,568,000",,,,,,,,"102,548,782,578","116,789,782,578",18.323,14.472,1.099,2.402,2.493,11.066,40.162,2013-03-31
"11,341,000,000","11,341,000,000","9,249,000,000","2,092,000,000",,,,,,,"2,092,000,000","-72,000,000","20,000,000","92,000,000",,"8,000,000",,"110,000,000","-102,000,000",0,,"321,000,000","219,000,000",,,"2,028,000,000","590,000,000","1,382,000,000","1,382,000,000","1,438,000,000","1,438,000,000",,,"-56,000,000","1,382,000,000",0.78,0.77,"1,777,000,000","1,800,000,000","9,249,000,000","1,382,000,000","1,454,318,000","20,000,000","92,000,000","-72,000,000","2,120,000,000",,"9,249,000,000","514,000,000","1,382,000,000","-102,000,000","-102,000,000","2,736,000,000",0.291,"-29,682,000",48.88999938964844,49.79999923706055,48.79999923706055,49.790000915527344,45.263736724853516,10224500.0,DIS,"89,622,000,000","103,863,000,000",16.061,12.61,0.95,2.106,2.185,9.158,39.432,2012-12-31
"10,782,000,000","10,782,000,000","8,758,000,000","2,024,000,000",0,,,,,,"2,024,000,000","-91,000,000","24,000,000","115,000,000",,"181,000,000",,"175,000,000","6,000,000","49,000,000",,"-55,000,000",,,,"2,114,000,000","724,000,000","1,244,000,000","1,244,000,000","1,390,000,000","1,390,000,000",,,"-146,000,000","1,244,000,000",0.69,0.68,"1,793,000,000","1,817,000,000","8,758,000,000","1,244,000,000","1,240,054,872.28","24,000,000","115,000,000","-91,000,000","2,229,000,000",,"8,758,000,000","492,000,000","1,244,000,000","6,000,000","6,000,000","2,715,000,000",0.342,"2,054,872.28",,,,,,,,"93,804,682,988","104,453,682,988",17.254,14.881,1.035,2.282,2.352,9.688,38.388,2012-09-30
"11,088,000,000","11,088,000,000","8,128,000,000","2,960,000,000",,,,,,,"2,960,000,000","-93,000,000","22,000,000","115,000,000",,"162,000,000",,"169,000,000","-7,000,000","7,000,000",,,,,,"3,029,000,000","993,000,000","1,831,000,000","1,831,000,000","2,036,000,000","2,036,000,000",,,"-205,000,000","1,831,000,000",1.02,1.01,"1,791,000,000","1,812,000,000","8,128,000,000","1,831,000,000","1,835,705,183.229","22,000,000","115,000,000","-93,000,000","3,144,000,000",,"8,128,000,000","522,000,000","1,831,000,000","-7,000,000","-7,000,000","3,673,000,000",0.328,"-2,294,816.771",,,,,,,,"86,687,189,599","98,985,189,599",17.384,13.793,1.053,2.167,2.306,8.927,27.001,2012-06-30
"9,629,000,000","9,629,000,000","7,942,000,000","1,687,000,000",,,,,,,"1,687,000,000","-95,000,000","31,000,000","126,000,000",,"284,000,000",,"138,000,000","146,000,000","38,000,000",,"-184,000,000",,,,"1,876,000,000","650,000,000","1,143,000,000","1,143,000,000","1,226,000,000","1,226,000,000",,,"-83,000,000","1,143,000,000",0.64,0.63,"1,793,000,000","1,818,000,000","7,942,000,000","1,143,000,000","1,047,586,353.945","31,000,000","126,000,000","-95,000,000","2,002,000,000",,"7,942,000,000","488,000,000","1,143,000,000","146,000,000","146,000,000","2,344,000,000",0.346,"50,586,353.945",,,,,,,,"78,469,544,134","89,089,544,134",16.583,12.854,1.025,2.013,2.136,9.252,35.779,2012-03-31
"10,779,000,000","10,779,000,000","8,587,000,000","2,192,000,000",,,,,,,"2,192,000,000","-90,000,000","26,000,000","116,000,000",,"139,000,000",,"145,000,000","-6,000,000","6,000,000",,,,,,"2,241,000,000","720,000,000","1,464,000,000","1,464,000,000","1,521,000,000","1,521,000,000",,,"-57,000,000","1,464,000,000",0.81,0.8,"1,798,000,000","1,824,000,000","8,587,000,000","1,464,000,000","1,468,072,289.157","26,000,000","116,000,000","-90,000,000","2,357,000,000",,"8,587,000,000","485,000,000","1,464,000,000","-6,000,000","-6,000,000","2,848,000,000",0.321,"-1,927,710.843",,,,,,,,"67,369,244,512","78,449,244,512",14.881,11.236,0.823,1.751,1.845,7.278,27.604,2011-12-31
"10,425,000,000","10,425,000,000","8,558,000,000","1,867,000,000",,,,,,,"1,867,000,000","-77,000,000","34,000,000","111,000,000",,"113,000,000",,"122,000,000","-9,000,000","9,000,000",,0,,,,"1,903,000,000","652,000,000","1,087,000,000","1,087,000,000","1,251,000,000","1,251,000,000",,,"-164,000,000","1,087,000,000",,,,,"8,558,000,000","1,087,000,000","1,092,916,447.714","34,000,000","111,000,000","-77,000,000","2,014,000,000",,"8,558,000,000","462,000,000","1,087,000,000","-9,000,000","-9,000,000","2,485,000,000",0.343,"-3,083,552.286",30.15999984741211,30.709999084472656,29.989999771118164,30.15999984741211,26.557594299316406,15135000.0,DIS,"55,977,092,643","67,057,092,643",11.968,10.341,0.79,1.408,1.497,6.432,27.083,2011-09-30
"10,675,000,000","10,675,000,000","8,229,000,000","2,446,000,000",,,,,,,"2,446,000,000","-88,000,000","25,000,000","113,000,000",,"150,000,000",,"184,000,000","-34,000,000","34,000,000",,,,,,"2,508,000,000","845,000,000","1,476,000,000","1,476,000,000","1,663,000,000","1,663,000,000",,,"-187,000,000","1,476,000,000",0.78,0.77,"1,883,000,000","1,912,000,000","8,229,000,000","1,476,000,000","1,498,544,657.097","25,000,000","113,000,000","-88,000,000","2,621,000,000",,"8,229,000,000","476,000,000","1,476,000,000","-34,000,000","-34,000,000","3,131,000,000",0.337,"-11,455,342.903",38.5,39.119998931884766,38.349998474121094,39.040000915527344,34.37693786621094,10049800.0,DIS,"73,791,600,994","83,510,600,994",16.542,13.038,1.129,1.872,1.895,7.823,26.965,2011-06-30
"9,077,000,000","9,077,000,000","7,549,000,000","1,528,000,000",,,,,,,"1,528,000,000","-83,000,000","28,000,000","111,000,000",,"123,000,000",,"123,000,000",0,0,,,,,,"1,568,000,000","558,000,000","942,000,000","942,000,000","1,010,000,000","1,010,000,000",,,"-68,000,000","942,000,000",0.5,0.49,"1,899,000,000","1,934,000,000","7,549,000,000","942,000,000","942,000,000","28,000,000","111,000,000","-83,000,000","1,679,000,000",,"7,549,000,000","456,000,000","942,000,000",0,0,"2,135,000,000",0.356,0,43.060001373291016,43.209999084472656,42.70000076293945,43.09000015258789,37.943199157714844,7206400.0,DIS,"81,830,884,933","91,508,884,933",19.066,14.184,1.453,2.119,2.117,10.081,42.861,2011-03-31
"10,716,000,000","10,716,000,000","8,776,000,000","1,940,000,000",0,,,,,,"1,940,000,000","-95,000,000","5,000,000","100,000,000",,"219,000,000",,"156,000,000","63,000,000","12,000,000",,"-75,000,000",,,,"2,064,000,000","730,000,000","1,302,000,000","1,302,000,000","1,334,000,000","1,334,000,000",,,"-32,000,000","1,302,000,000",0.69,0.68,"1,891,000,000","1,927,000,000","8,776,000,000","1,302,000,000","1,261,281,976.744","5,000,000","100,000,000","-95,000,000","2,164,000,000",,"8,776,000,000","447,000,000","1,302,000,000","63,000,000","63,000,000","2,548,000,000",0.354,"22,281,976.744",37.369998931884766,37.599998474121094,37.209999084472656,37.5099983215332,33.029693603515625,3650800.0,DIS,"71,028,320,610","80,744,320,610",16.524,13.369,1.365,1.877,1.879,7.535,30.925,2010-12-31
"9,742,000,000","9,742,000,000","8,221,000,000","1,521,000,000",0,,,,,,"1,521,000,000","-87,000,000","1,000,000","88,000,000",,0,,,"382,000,000","58,000,000",,"-440,000,000",,,,"1,434,000,000","468,000,000","835,000,000","835,000,000","966,000,000","966,000,000",,,"-131,000,000","835,000,000",,,,,"8,221,000,000","835,000,000","577,669,456.067","1,000,000","88,000,000","-87,000,000","1,522,000,000",,"8,221,000,000","434,000,000","835,000,000","382,000,000","382,000,000","1,574,000,000",0.326,"124,669,456.067",33.189998626708984,33.4900016784668,32.83000183105469,33.099998474121094,28.83108139038086,14459500.0,DIS,"63,307,290,144","73,289,290,144",16.305,,,1.694,1.687,7.523,37.469,2010-09-30
"10,002,000,000","10,002,000,000","7,723,000,000","2,279,000,000",0,,,,,,"2,279,000,000","-89,000,000","14,000,000","103,000,000",,"146,000,000",,"139,000,000","7,000,000","36,000,000",,"-43,000,000",,,,"2,336,000,000","831,000,000","1,331,000,000","1,331,000,000","1,505,000,000","1,505,000,000",,,"-174,000,000","1,331,000,000",0.68,0.67,"1,945,000,000","1,978,000,000","7,723,000,000","1,331,000,000","1,326,490,154.11","14,000,000","103,000,000","-89,000,000","2,439,000,000",,"7,723,000,000","432,000,000","1,331,000,000","7,000,000","7,000,000","2,864,000,000",0.356,"2,490,154.11",32.15999984741211,32.5099983215332,31.360000610351562,31.5,27.437429428100586,17186400.0,DIS,"61,694,624,911","71,370,624,911",15.217,,,1.596,1.625,7.136,24.859,2010-06-30
"8,580,000,000","8,580,000,000","7,068,000,000","1,512,000,000",0,,,,,,"1,512,000,000","-130,000,000",,"130,000,000",,"153,000,000",,"154,000,000","-1,000,000","71,000,000",,"-70,000,000",,,,"1,535,000,000","537,000,000","953,000,000","953,000,000","998,000,000","998,000,000",,,"-45,000,000","953,000,000",0.49,0.48,"1,940,000,000","1,973,000,000","7,068,000,000","953,000,000","953,650,162.866",,"130,000,000","-130,000,000","1,665,000,000",,"7,068,000,000","424,000,000","953,000,000","-1,000,000","-1,000,000","2,090,000,000",0.35,"-349,837.134",35.06999969482422,35.20000076293945,34.810001373291016,34.90999984741211,30.40764617919922,10789500.0,DIS,"67,708,485,092","77,874,485,092",18.277,,,1.812,1.807,9.076,37.278,2010-03-31
