GDP,Inflation rate,Unemployment rate,Exchange Rate(w RMB),TotalRevenue,OperatingRevenue,CostOfRevenue,GrossProfit,OperatingExpense,SellingGeneralAndAdministration,DepreciationAmortizationDepletionIncomeStatement,DepreciationAndAmortizationInIncomeStatement,OtherOperatingExpenses,OperatingIncome,NetNonOperatingInterestIncomeExpense,InterestIncomeNonOperating,InterestExpenseNonOperating,OtherIncomeExpense,GainOnSaleOfSecurity,EarningsFromEquityInterest,SpecialIncomeCharges,ImpairmentOfCapitalAssets,OtherSpecialCharges,GainOnSaleOfBusiness,GainOnSaleOfPPE,OtherNonOperatingIncomeExpenses,PretaxIncome,TaxProvision,EarningsFromEquityInterestNetOfTax,NetIncomeCommonStockholders,NetIncome,NetIncomeIncludingNoncontrollingInterests,NetIncomeContinuousOperations,NetIncomeExtraordinary,MinorityInterests,DilutedNIAvailtoComStockholders,BasicEPS,DilutedEPS,BasicAverageShares,DilutedAverageShares,TotalOperatingIncomeAsReported,TotalExpenses,NetIncomeFromContinuingAndDiscontinuedOperation,NormalizedIncome,InterestIncome,InterestExpense,NetInterestIncome,EBIT,EBITDA,ReconciledCostOfRevenue,ReconciledDepreciation,NetIncomeFromContinuingOperationNetMinorityInterest,TotalUnusualItemsExcludingGoodwill,TotalUnusualItems,NormalizedEBITDA,TaxRateForCalcs,TaxEffectOfUnusualItems,open,high,low,close,adjclose,volume,ticker,MarketCap,EnterpriseValue,PeRatio,ForwardPeRatio,PegRatio,PsRatio,PbRatio,EnterprisesValueRevenueRatio,EnterprisesValueEBITDARatio,date
22061.503,1.9,6.166666667,6.484221,"2,220,419,000,000","2,192,482,000,000","1,705,178,000,000","515,241,000,000","446,138,000,000","429,647,000,000",,,,"69,103,000,000","-1,572,000,000","3,348,000,000","4,920,000,000","27,945,000,000","33,927,000,000","4,845,000,000","-6,940,000,000",,,,,"-3,887,000,000","95,476,000,000","-11,646,000,000",,"107,000,000,000","107,000,000,000","107,122,000,000","107,122,000,000",,"-122,000,000","107,000,000,000",,,,,"66,480,000,000","2,151,316,000,000","107,000,000,000","90,807,800,000","3,348,000,000","4,920,000,000","-1,572,000,000","100,396,000,000",,"1,705,178,000,000","179,325,000,000","107,000,000,000","26,987,000,000","26,987,000,000","252,734,000,000",0.4,"10,794,800,000",105.5599976,106.8000031,105.2600021,106.0100021,106.0100021,597500,SONY,"130,252,131,510","111,101,950,112",13.548,19.96,1.834,1.715,2.688,0.05,0.397,3/31/21
21494.731,1.266666667,6.766666667,6.62216367,"2,696,536,000,000","2,676,336,000,000","1,931,676,000,000","764,860,000,000","410,130,000,000","409,835,000,000",,,"295,000,000","354,730,000,000","-1,003,000,000","1,753,000,000","2,756,000,000","123,644,000,000","120,294,000,000","4,496,000,000",0,,,,,"-1,146,000,000","477,371,000,000","103,661,000,000",,"371,891,000,000","371,891,000,000","373,710,000,000","373,710,000,000",,"-1,819,000,000","371,891,000,000",301.09,297.35,"1,235,162,000","1,250,693,000","359,226,000,000","2,341,806,000,000","371,891,000,000","277,718,813,713.02","1,753,000,000","2,756,000,000","-1,003,000,000","480,127,000,000",,"1,931,676,000,000","178,841,000,000","371,891,000,000","120,294,000,000","120,294,000,000","538,674,000,000",0.217,"26,121,813,713.02",100.9300003,101.4000015,100.6100006,101.0999985,101.0999985,670700,SONY,"123,300,587,554","105,181,906,918",13.932,20.921,2.549,1.573,2.563,0.039,0.16,12/31/20
21170.252,1.233333333,8.8,6.91833833,"2,113,486,000,000","2,095,682,000,000","1,474,373,000,000","639,113,000,000","323,769,000,000","329,307,000,000",,,"-5,538,000,000","315,344,000,000","-184,000,000","2,520,000,000","2,704,000,000","-15,556,000,000","-15,097,000,000","2,420,000,000",,,,,,"-2,879,000,000","299,604,000,000","-163,898,000,000",,"459,634,000,000","459,634,000,000","463,502,000,000","463,502,000,000",,"-3,868,000,000","459,634,000,000",374.34,367.82,"1,227,845,000","1,249,629,000","317,764,000,000","1,798,142,000,000","459,634,000,000","470,108,298,600","2,520,000,000","2,704,000,000","-184,000,000","302,308,000,000",,"1,474,373,000,000","158,612,000,000","459,634,000,000","-15,097,000,000","-15,097,000,000","476,017,000,000",0.306,"-4,622,701,400",76.75,77.44000244,76.27999878,76.75,76.75,706700,SONY,"93,762,054,307","79,400,555,345",15.333,19.646,2.069,1.226,2.31,0.038,0.172,9/30/20
19520.114,0.333333333,13.06666667,7.08533533,"1,968,919,000,000","1,949,786,000,000","1,450,332,000,000","518,587,000,000","301,166,000,000","301,166,000,000",,,,"217,421,000,000","1,031,000,000","2,836,000,000","1,805,000,000","101,467,000,000","91,846,000,000","-274,000,000",,,,,,"9,895,000,000","319,919,000,000","72,878,000,000",,"233,251,000,000","233,251,000,000","247,041,000,000","247,041,000,000",,"-13,790,000,000","233,251,000,000",191.09,186.94,"1,220,629,000","1,247,718,000","228,395,000,000","1,751,498,000,000","233,251,000,000","162,327,648,507.90","2,836,000,000","1,805,000,000","1,031,000,000","321,724,000,000",,"1,450,332,000,000","146,959,000,000","233,251,000,000","91,846,000,000","91,846,000,000","376,837,000,000",0.228,"20,922,648,507.90",68.62999725,69.22000122,68.45999908,69.12999725,69.12999725,736700,SONY,"83,819,367,101","69,865,937,517",16.127,21.053,,1.137,2.202,0.035,0.149,6/30/20
21561.139,2.1,3.8,6.98236733,"1,748,740,000,000","1,721,864,000,000","1,298,592,000,000","450,148,000,000","397,510,000,000","397,510,000,000",,,"20,406,000,000","52,638,000,000","2,323,000,000","4,620,000,000","2,297,000,000","-58,944,000,000","-37,965,000,000","3,215,000,000","2,116,000,000",,0,,,"-26,310,000,000","-3,983,000,000","-19,726,000,000",,"12,644,000,000","12,644,000,000","15,743,000,000","15,743,000,000",,"-3,099,000,000","12,644,000,000",10.33,10.102,"1,224,106,000","1,251,684,000","35,447,000,000","1,696,102,000,000","12,644,000,000","37,516,036,200","4,620,000,000","2,297,000,000","2,323,000,000","-1,686,000,000",,"1,298,592,000,000","252,374,000,000","12,644,000,000","-35,849,000,000","-35,849,000,000","286,537,000,000",0.306,"-10,976,963,800",59.27000046,60.5,58.61000061,59.18000031,59.18000031,1057900,SONY,"72,493,988,716","62,481,585,718",12.325,12.407,,0.941,1.844,0.036,0.249,3/31/20
21747.394,2.066666667,3.6,7.04281133,"2,463,162,000,000","2,440,208,000,000","1,783,768,000,000","679,394,000,000","400,032,000,000","400,032,000,000",,,"-18,056,000,000","279,362,000,000","2,771,000,000","3,900,000,000","1,129,000,000","28,188,000,000","12,965,000,000","2,714,000,000","-6,358,000,000",,"6,358,000,000",,,"18,867,000,000","310,321,000,000","69,977,000,000",,"229,538,000,000","229,538,000,000","240,344,000,000","240,344,000,000",,"-10,806,000,000","229,538,000,000",187.02,182.89,"1,227,355,000","1,255,030,000","300,132,000,000","2,183,800,000,000","229,538,000,000","224,420,870,292.38","3,900,000,000","1,129,000,000","2,771,000,000","311,450,000,000",,"1,783,768,000,000","165,738,000,000","229,538,000,000","6,607,000,000","6,607,000,000","470,581,000,000",0.225,"1,489,870,292.38",67.72000122,68.02999878,67.51000214,68,68,549700,SONY,"83,351,396,715","74,833,567,347",11.098,16.181,,1.107,2.327,0.03,0.157,12/31/19
21540.325,1.733333333,3.6,7.01849633,"2,122,259,000,000","2,100,399,000,000","1,493,158,000,000","629,101,000,000","354,916,000,000","354,916,000,000",,,"-2,404,000,000","274,185,000,000","2,169,000,000","4,953,000,000","2,784,000,000","-14,260,000,000","-20,596,000,000","2,366,000,000",,,,,,"3,970,000,000","262,094,000,000","61,927,000,000",,"187,887,000,000","187,887,000,000","200,167,000,000","200,167,000,000",,"-12,280,000,000","187,887,000,000",151.89,148.59,"1,243,086,000","1,270,343,000","278,955,000,000","1,848,074,000,000","187,887,000,000","203,616,621,937.17","4,953,000,000","2,784,000,000","2,169,000,000","264,878,000,000",,"1,493,158,000,000","178,381,000,000","187,887,000,000","-20,596,000,000","-20,596,000,000","463,855,000,000",0.236,"-4,866,378,062.83",58.49000168,59.18000031,58.09999847,59.13000107,59.13000107,666700,SONY,"72,334,638,760","64,596,208,169",9.788,15.432,2.919,0.953,2.042,0.03,0.146,9/30/19
21329.877,1.8,3.666666667,6.822179,"1,925,724,000,000","1,893,466,000,000","1,349,531,000,000","576,193,000,000","350,167,000,000","350,167,000,000",,,"-3,557,000,000","226,026,000,000","925,000,000","5,805,000,000","4,880,000,000","4,067,000,000","-1,373,000,000","1,342,000,000",,,,,,"4,098,000,000","231,018,000,000","65,012,000,000",,"152,122,000,000","152,122,000,000","166,006,000,000","166,006,000,000",,"-13,884,000,000","152,122,000,000",121.78,119.22,"1,249,160,000","1,276,014,000","230,925,000,000","1,699,698,000,000","152,122,000,000","153,108,616,791.77","5,805,000,000","4,880,000,000","925,000,000","235,898,000,000",,"1,349,531,000,000","149,958,000,000","152,122,000,000","-1,373,000,000","-1,373,000,000","387,229,000,000",0.281,"-386,383,208.24",,,,,,,,"65,476,245,194","52,160,830,772",7.978,13.812,2.612,0.844,1.878,0.027,0.135,6/30/19
21115.309,1.666666667,3.866666667,6.749196,"2,127,498,000,000","2,102,523,000,000","1,618,343,000,000","509,155,000,000","399,910,000,000","399,910,000,000",,,"28,183,000,000","109,245,000,000","4,114,000,000","5,877,000,000","1,763,000,000","-725,000,000","26,287,000,000","1,668,000,000",,,,,,"-100,248,000,000","112,634,000,000","11,331,000,000",,"87,861,000,000","87,861,000,000","101,303,000,000","101,303,000,000",,"-13,442,000,000","87,861,000,000",69.68,68.23,"1,261,003,000","1,287,808,000","82,730,000,000","2,018,253,000,000","87,861,000,000","-149,769,971.77","5,877,000,000","1,763,000,000","4,114,000,000","114,397,000,000",,"1,618,343,000,000","211,976,000,000","87,861,000,000","97,855,000,000","97,855,000,000","228,518,000,000",0.101,"9,844,230,028.23",,,,,,,,"52,908,895,053","41,263,207,855",7.472,11.111,2.099,0.714,1.546,0.019,0.126,3/31/19
20909.853,2.2,3.833333333,6.91660467,"2,401,805,000,000","2,381,753,000,000","1,705,132,000,000","696,673,000,000","430,025,000,000","430,025,000,000",,,"-112,809,000,000","266,648,000,000","2,926,000,000","6,436,000,000","3,510,000,000","70,956,000,000","-39,692,000,000","-2,469,000,000",,,,,,"113,117,000,000","340,530,000,000","-100,723,000,000",,"428,962,000,000","428,962,000,000","441,253,000,000","441,253,000,000",,"-12,291,000,000","428,962,000,000",337.97,330.77,"1,269,243,000","1,296,840,000","376,988,000,000","2,135,157,000,000","428,962,000,000","456,405,048,800","6,436,000,000","3,510,000,000","2,926,000,000","344,040,000,000",,"1,705,132,000,000","204,825,000,000","428,962,000,000","-39,692,000,000","-39,692,000,000","588,557,000,000",0.309,"-12,248,951,200",48.72999954,48.81000137,47.91999817,48.27999878,48.27999878,858700,SONY,"61,273,327,189","47,033,318,525",10.17,12.048,2.339,0.788,2.01,0.02,0.086,12/31/18
20742.723,2.633333333,3.766666667,6.81119967,"2,182,760,000,000","2,161,232,000,000","1,535,078,000,000","647,682,000,000","397,129,000,000","397,129,000,000",,,"13,383,000,000","250,553,000,000","695,000,000","4,571,000,000","3,876,000,000","-4,850,000,000","5,013,000,000","2,341,000,000",,,,,,"-12,204,000,000","246,398,000,000","59,268,000,000",,"173,001,000,000","173,001,000,000","187,130,000,000","187,130,000,000",,"-14,129,000,000","173,001,000,000",136.38,133.43,"1,268,535,000","1,296,562,000","239,511,000,000","1,932,207,000,000","173,001,000,000","169,193,815,323.18","4,571,000,000","3,876,000,000","695,000,000","250,274,000,000",,"1,535,078,000,000","161,474,000,000","173,001,000,000","5,013,000,000","5,013,000,000","406,735,000,000",0.241,"1,205,815,323.18",,,,,,,,"77,911,481,621","65,308,892,509",13.982,15.361,10.167,1.03,2.707,0.03,0.159,9/30/18
20552.653,2.733333333,3.933333333,6.38216,"1,953,624,000,000","1,935,435,000,000","1,404,643,000,000","548,981,000,000","349,761,000,000","349,761,000,000",,,"-325,000,000","199,220,000,000","1,416,000,000","4,734,000,000","3,318,000,000","111,450,000,000","115,790,000,000","-4,539,000,000",,,,,,"199,000,000","312,086,000,000","75,222,000,000",,"226,447,000,000","226,447,000,000","236,864,000,000","236,864,000,000",,"-10,417,000,000","226,447,000,000",178.66,174.8,"1,267,499,000","1,295,434,000","195,006,000,000","1,754,404,000,000","226,447,000,000","138,565,830,835.09","4,734,000,000","3,318,000,000","1,416,000,000","315,404,000,000",,"1,404,643,000,000","144,244,000,000","226,447,000,000","115,790,000,000","115,790,000,000","343,858,000,000",0.241,"27,908,830,835.09",,,,,,,,"64,850,341,029","52,021,507,529",14.919,13.605,,0.857,2.421,0.027,0.113,6/30/18
20242.215,2.233333333,4.033333333,6.357802,"1,951,021,000,000","1,929,283,000,000","1,461,755,000,000","489,266,000,000","424,007,000,000","424,007,000,000",,,,"65,259,000,000","444,000,000","3,228,000,000","2,784,000,000","-57,232,000,000","-8,594,000,000","1,128,000,000",,,,,,"-45,694,000,000","8,471,000,000","13,289,000,000",,"-16,826,000,000","-16,826,000,000","-4,818,000,000","-4,818,000,000",,"-12,008,000,000","-16,826,000,000",,,,,"22,184,000,000","1,885,762,000,000","-16,826,000,000","-8,068,727,600","3,228,000,000","2,784,000,000","444,000,000","11,255,000,000",,"1,461,755,000,000","202,822,000,000","-16,826,000,000","-12,666,000,000","-12,666,000,000","226,743,000,000",0.309,"-3,908,727,600",,,,,,,,"61,106,022,277","50,089,645,655",12.459,15.244,0.374,0.785,2.15,0.026,0.234,3/31/18
19937.963,2.1,4.133333333,6.61358333,"2,672,317,000,000","2,651,212,000,000","1,923,366,000,000","748,951,000,000","415,532,000,000","415,532,000,000",,,"-13,119,000,000","333,419,000,000","-17,000,000","3,519,000,000","3,536,000,000","9,717,000,000","-6,379,000,000","4,299,000,000",,,,,,"11,797,000,000","343,119,000,000","28,234,000,000",,"295,897,000,000","295,897,000,000","314,885,000,000","314,885,000,000",,"-18,988,000,000","295,897,000,000",234.08,228.91,"1,264,083,000","1,292,615,000","350,837,000,000","2,338,898,000,000","295,897,000,000","301,751,095,561.60","3,519,000,000","3,536,000,000","-17,000,000","346,655,000,000",,"1,923,366,000,000","187,792,000,000","295,897,000,000","-6,379,000,000","-6,379,000,000","540,826,000,000",0.082,"-524,904,438.40",,,,,,,,"56,885,498,261","49,756,862,108",25.281,14.514,0.386,0.796,2.355,0.019,0.093,12/31/17
19617.288,1.933333333,4.3,6.66638533,"2,062,531,000,000","2,042,350,000,000","1,474,951,000,000","587,580,000,000","386,279,000,000","386,279,000,000",,,"-901,000,000","201,301,000,000","1,522,000,000","4,252,000,000","2,730,000,000","-4,258,000,000","-6,298,000,000","2,026,000,000",,,,,,"14,000,000","198,565,000,000","55,751,000,000",,"130,852,000,000","130,852,000,000","142,814,000,000","142,814,000,000",,"-11,962,000,000","130,852,000,000",103.57,101.35,"1,263,452,000","1,291,038,000","204,228,000,000","1,861,230,000,000","130,852,000,000","135,381,713,554.76","4,252,000,000","2,730,000,000","1,522,000,000","201,295,000,000",,"1,474,951,000,000","167,523,000,000","130,852,000,000","-6,298,000,000","-6,298,000,000","375,116,000,000",0.281,"-1,768,286,445.25",,,,,,,,"47,006,858,113","40,400,979,999",40.724,16.695,1.168,0.69,2.048,0.02,0.11,9/30/17
19379.232,1.9,4.4,6.86165733,"1,858,113,000,000","1,830,003,000,000","1,370,350,000,000","487,763,000,000","357,379,000,000","357,379,000,000",,,"-26,111,000,000","130,384,000,000","4,269,000,000","8,785,000,000","4,516,000,000","14,241,000,000","-12,968,000,000","1,116,000,000",,,,,,"26,093,000,000","148,894,000,000","54,496,000,000",,"80,871,000,000","80,871,000,000","94,398,000,000","94,398,000,000",,"-13,527,000,000","80,871,000,000",64.03,62.7,"1,262,920,000","1,289,882,000","157,611,000,000","1,727,729,000,000","80,871,000,000","89,092,642,671.97","8,785,000,000","4,516,000,000","4,269,000,000","153,410,000,000",,"1,370,350,000,000","162,581,000,000","80,871,000,000","-12,968,000,000","-12,968,000,000","328,959,000,000",0.366,"-4,746,357,328.03",38.47000122,38.47000122,38.18000031,38.18999863,38.18999863,925900,SONY,"48,323,235,611","41,074,948,701",75.207,18.315,1.422,0.725,2.164,0.022,0.13,6/30/17
19237.435,2.533333333,4.566666667,6.887835,"1,903,604,000,000","1,882,645,000,000","1,409,690,000,000","493,914,000,000","417,860,000,000","417,860,000,000",,,"-16,453,000,000","76,054,000,000","958,000,000","3,600,000,000","2,642,000,000","10,844,000,000","-5,650,000,000","1,884,000,000",,,,,,"163,611,000,000","87,856,000,000","43,127,000,000",,"27,650,000,000","27,650,000,000","44,729,000,000","44,729,000,000",,"-17,079,000,000","27,650,000,000",21.9,21.45,"1,262,507,000","1,288,794,000","94,391,000,000","1,827,550,000,000","27,650,000,000","134,575,701,400","3,600,000,000","2,642,000,000","958,000,000","90,498,000,000",,"1,409,690,000,000","174,460,000,000","27,650,000,000","-154,651,000,000","-154,651,000,000","419,609,000,000",0.309,"-47,725,298,600",33.70999908,33.77999878,33.59000015,33.72999954,33.72999954,647000,SONY,"42,531,333,287","37,511,754,782",,18.587,,0.645,1.941,0.02,0.142,3/31/17
19032.58,1.8,4.766666667,6.83151767,"2,397,499,000,000","2,376,920,000,000","1,781,776,000,000","615,723,000,000","411,652,000,000","411,652,000,000",,,"113,013,000,000","204,071,000,000","-1,247,000,000","2,502,000,000","3,749,000,000","-136,597,000,000","-23,138,000,000","1,314,000,000",,,,,,"-114,773,000,000","66,227,000,000","36,956,000,000",,"19,631,000,000","19,631,000,000","29,271,000,000","29,271,000,000",,"-9,640,000,000","19,631,000,000",15.55,15.24,"1,262,223,000","1,288,372,000","92,372,000,000","2,193,428,000,000","19,631,000,000","35,304,681,200","2,502,000,000","3,749,000,000","-1,247,000,000","69,976,000,000",,"1,781,776,000,000","146,196,000,000","19,631,000,000","-23,138,000,000","-23,138,000,000","239,310,000,000",0.323,"-7,464,318,800",,,,,,,,"35,553,950,300","32,254,906,307",75.325,19.048,,0.545,1.781,0.013,0.149,12/31/16
18821.359,1.133333333,4.9,6.667625,"1,688,948,000,000","1,670,621,000,000","1,274,434,000,000","414,514,000,000","338,347,000,000","338,347,000,000",,,"31,568,000,000","76,167,000,000","-2,222,000,000","2,130,000,000","4,352,000,000","-33,425,000,000","-2,425,000,000","1,148,000,000",,,,,,"-32,148,000,000","40,520,000,000","23,500,000,000",,"4,842,000,000","4,842,000,000","17,020,000,000","17,020,000,000",,"-12,178,000,000","4,842,000,000",3.84,3.76,"1,261,840,000","1,288,270,000","45,747,000,000","1,612,781,000,000","4,842,000,000","6,484,695,000","2,130,000,000","4,352,000,000","-2,222,000,000","44,872,000,000",,"1,274,434,000,000","149,111,000,000","4,842,000,000","-2,425,000,000","-2,425,000,000","196,408,000,000",0.323,"-782,305,000",32.75999832,33.40000153,32.65000153,33.20999908,33.20999908,1400500,SONY,"41,076,423,769","33,869,102,800",52.88,,,0.547,1.763,0.02,0.175,9/30/16
18656.207,1.033333333,4.933333333,6.53039333,"1,613,199,000,000","1,593,426,000,000","1,197,254,000,000","415,945,000,000","338,097,000,000","338,097,000,000",,,"20,873,000,000","77,848,000,000","-574,000,000","3,227,000,000","3,801,000,000","-20,258,000,000","1,687,000,000","-783,000,000",,,,,,"-21,162,000,000","57,016,000,000","20,475,000,000",,"21,166,000,000","21,166,000,000","36,541,000,000","36,541,000,000",,"-15,375,000,000","21,166,000,000",16.78,16.44,"1,261,523,000","1,287,215,000","56,192,000,000","1,535,351,000,000","21,166,000,000","20,084,633,000","3,227,000,000","3,801,000,000","-574,000,000","60,817,000,000",,"1,197,254,000,000","154,786,000,000","21,166,000,000","1,687,000,000","1,687,000,000","213,916,000,000",0.359,"605,633,000",29.04999924,29.37999916,28.88999939,29.35000038,29.35000038,1341200,SONY,"36,664,522,904","26,582,422,967",25.681,15.748,,0.468,1.545,0.016,0.123,6/30/16
18470.156,1.1,4.9,6.540867,"1,824,101,000,000","1,802,985,000,000","1,422,268,000,000","401,833,000,000","433,482,000,000","433,482,000,000",,,"60,317,000,000","-31,649,000,000","-2,565,000,000","3,400,000,000","5,965,000,000","-65,466,000,000","-3,300,000,000","-907,000,000",,,,,,"-14,088,000,000","-99,680,000,000","-24,565,000,000",,"-88,337,000,000","-88,337,000,000","-75,115,000,000","-75,115,000,000",,"-13,222,000,000","-88,337,000,000",-70.03,-70.03,"1,237,802,000","1,257,883,000","-92,873,000,000","1,855,750,000,000","-88,337,000,000","-50,304,002,758.83","3,400,000,000","5,965,000,000","-2,565,000,000","-93,715,000,000",,"1,422,268,000,000","220,905,000,000","-88,337,000,000","-50,471,000,000","-50,471,000,000","177,661,000,000",0.246,"-12,438,002,758.83",25.79999924,25.93000031,25.70000076,25.71999931,25.71999931,459900,SONY,"32,469,115,273","24,029,222,474",30.875,15.083,,0.423,1.312,0.013,0.189,3/31/16
18378.803,0.466666667,5.033333333,6.38993,"2,580,812,000,000","2,559,042,000,000","1,890,775,000,000","690,037,000,000","461,418,000,000","461,418,000,000",,,"28,253,000,000","228,619,000,000","-5,607,000,000","2,739,000,000","8,346,000,000","-29,732,000,000","-1,735,000,000","1,779,000,000",,,,,,"-29,776,000,000","193,280,000,000","55,676,000,000",,"120,134,000,000","120,134,000,000","137,604,000,000","137,604,000,000",,"-17,470,000,000","120,134,000,000",95.25,93.33,"1,229,937,000","1,248,258,000","202,145,000,000","2,352,193,000,000","120,134,000,000","121,369,320,000","2,739,000,000","8,346,000,000","-5,607,000,000","201,626,000,000",,"1,890,775,000,000","173,049,000,000","120,134,000,000","-1,735,000,000","-1,735,000,000","376,410,000,000",0.288,"-499,680,000",24.67000008,24.77000046,24.51000023,24.61000061,24.61000061,688900,SONY,"31,428,909,093","25,531,916,808",35.505,,,0.432,1.414,0.01,0.068,12/31/15
18347.425,0.133333333,5.1,6.301371,"1,892,740,000,000","1,872,649,000,000","1,395,302,000,000","497,438,000,000","418,308,000,000","418,308,000,000",,,"-7,945,000,000","79,130,000,000","-2,917,000,000","3,664,000,000","6,581,000,000","-4,019,000,000","-11,807,000,000","943,000,000",,,,,,"6,845,000,000","72,194,000,000","23,866,000,000",,"33,553,000,000","33,553,000,000","48,328,000,000","48,328,000,000",,"-14,775,000,000","33,553,000,000",26.64,26.1,"1,259,567,000","1,285,541,000","88,018,000,000","1,813,610,000,000","33,553,000,000","41,451,883,000","3,664,000,000","6,581,000,000","-2,917,000,000","78,775,000,000",,"1,395,302,000,000","152,347,000,000","33,553,000,000","-11,807,000,000","-11,807,000,000","242,929,000,000",0.331,"-3,908,117,000",24.22999954,24.53000069,24.09000015,24.5,24.5,1074000,SONY,"30,489,465,776","24,965,086,040",,,,0.41,1.554,0.013,0.108,9/30/15
18223.577,-0.033333333,5.433333333,6.20358667,"1,808,059,000,000","1,781,000,000,000","1,366,307,000,000","441,752,000,000","378,722,000,000","378,722,000,000",,,"-33,454,000,000","63,030,000,000","-1,742,000,000","2,652,000,000","4,394,000,000","77,422,000,000","45,036,000,000","423,000,000",,,,,,"31,963,000,000","138,710,000,000","39,812,000,000",,"82,441,000,000","82,441,000,000","98,898,000,000","98,898,000,000",,"-16,457,000,000","82,441,000,000",70.52,70.36,"1,168,969,000","1,171,746,000","96,907,000,000","1,745,029,000,000","82,441,000,000","50,330,332,000","2,652,000,000","4,394,000,000","-1,742,000,000","143,104,000,000",,"1,366,307,000,000","150,377,000,000","82,441,000,000","45,036,000,000","45,036,000,000","248,445,000,000",0.287,"12,925,332,000",28.69000053,29.05999947,28.31999969,28.38999939,28.38999939,2841600,SONY,"32,982,147,591","25,219,011,823",,,,0.473,1.758,0.014,0.086,6/30/15
18003.399,-0.066666667,5.533333333,6.23652833,"1,937,712,000,000","1,910,538,000,000","1,505,267,000,000","432,445,000,000","508,529,000,000","508,529,000,000",,,"21,908,000,000","-76,084,000,000","-1,472,000,000","3,727,000,000","5,199,000,000","-28,965,000,000","-5,272,000,000","219,000,000",,,,,,"157,746,000,000","-106,521,000,000","-23,553,000,000",,"-106,790,000,000","-106,790,000,000","-82,968,000,000","-82,968,000,000",,"-23,822,000,000","-106,790,000,000",-91.39,-91.39,"1,168,521,000","1,168,521,000","-97,773,000,000","2,013,796,000,000","-106,790,000,000","38,807,659,053.14","3,727,000,000","5,199,000,000","-1,472,000,000","-101,322,000,000",,"1,505,267,000,000","185,593,000,000","-106,790,000,000","-186,930,000,000","-186,930,000,000","271,201,000,000",0.221,"-41,332,340,946.86",26.70000076,26.82999992,26.59000015,26.78000069,26.78000069,1751300,SONY,"31,059,611,522","24,176,462,964",,,,0.427,1.514,0.012,0.287,3/31/15
17849.912,1.266666667,5.7,6.147504,"2,566,749,000,000","2,542,696,000,000","1,910,636,000,000","656,113,000,000","473,282,000,000","473,282,000,000",,,"608,000,000","182,831,000,000","-2,534,000,000","3,408,000,000","5,942,000,000","-12,469,000,000","-9,565,000,000","-128,000,000",,,,,,"-2,776,000,000","167,828,000,000","56,162,000,000",,"89,971,000,000","89,971,000,000","111,666,000,000","111,666,000,000",,"-21,695,000,000","89,971,000,000",78.12,76.96,"1,151,770,000","1,168,990,000","182,095,000,000","2,383,918,000,000","89,971,000,000","96,331,725,000","3,408,000,000","5,942,000,000","-2,534,000,000","173,770,000,000",,"1,910,636,000,000","147,357,000,000","89,971,000,000","-9,565,000,000","-9,565,000,000","330,692,000,000",0.335,"-3,204,275,000",20.70999908,20.70999908,20.46999931,20.46999931,20.46999931,846200,SONY,"23,771,719,541","19,145,520,101",,,,0.322,1.228,0.007,0.06,12/31/14
17721.657,1.8,6.066666667,6.14402333,"1,901,511,000,000","1,874,351,000,000","1,389,714,000,000","511,797,000,000","419,203,000,000","419,203,000,000",,,"178,811,000,000","92,594,000,000","-3,710,000,000","2,337,000,000","6,047,000,000","-178,839,000,000","-206,000,000","629,000,000",,,,,,"-179,262,000,000","-89,955,000,000","30,078,000,000",,"-135,969,000,000","-135,969,000,000","-120,033,000,000","-120,033,000,000",,"-15,936,000,000","-135,969,000,000",-124.32,-124.32,"1,093,725,000","1,093,725,000","-85,588,000,000","1,808,917,000,000","-135,969,000,000","-135,815,530,000","2,337,000,000","6,047,000,000","-3,710,000,000","-83,908,000,000",,"1,389,714,000,000","139,425,000,000","-135,969,000,000","-206,000,000","-206,000,000","55,723,000,000",0.255,"-52,530,000",18.04999924,18.11000061,17.96999931,18.04000092,18.04000092,3078000,SONY,"20,904,284,283","16,487,423,616",,,,0.26,1.003,0.009,0.297,9/30/14
17432.909,2.066666667,6.2,6.23258167,"1,809,908,000,000","1,785,556,000,000","1,352,517,000,000","457,391,000,000","410,447,000,000","410,447,000,000",,,"-19,669,000,000","46,944,000,000","-2,997,000,000","3,415,000,000","6,412,000,000","24,430,000,000","3,224,000,000","3,201,000,000",,,,,,"18,005,000,000","68,377,000,000","26,046,000,000",,"26,808,000,000","26,808,000,000","42,331,000,000","42,331,000,000",,"-15,523,000,000","26,808,000,000",25.69,22.94,"1,043,681,000","1,168,516,000","69,814,000,000","1,762,964,000,000","26,808,000,000","24,812,078,213.43","3,415,000,000","6,412,000,000","-2,997,000,000","74,789,000,000",,"1,352,517,000,000","155,190,000,000","26,808,000,000","3,224,000,000","3,224,000,000","226,755,000,000",0.381,"1,228,078,213.43",16.69000053,16.79999924,16.65999985,16.77000046,16.77000046,2426200,SONY,"17,308,996,364","11,544,544,548",,7.138,0.022,0.225,0.786,0.006,0.05,6/30/14
17104.555,1.4,6.666666667,6.106293,"1,866,249,000,000","1,844,140,000,000","1,473,088,000,000","393,161,000,000","472,335,000,000","472,335,000,000",,,"29,191,000,000","-79,174,000,000","391,000,000","5,571,000,000","5,180,000,000","-37,462,000,000","-2,453,000,000","-6,593,000,000",,,,,,"20,250,000,000","-116,245,000,000","10,191,000,000",,"-139,541,000,000","-139,541,000,000","-126,436,000,000","-126,436,000,000",,"-13,105,000,000","-139,541,000,000",-132.97,-132.97,"1,039,666,000","1,039,666,000","-114,958,000,000","1,945,423,000,000","-139,541,000,000","-101,457,345,000","5,571,000,000","5,180,000,000","391,000,000","-111,065,000,000",,"1,473,088,000,000","230,231,000,000","-139,541,000,000","-51,119,000,000","-51,119,000,000","170,285,000,000",0.255,"-13,035,345,000",19.12000084,19.25,19.07999992,19.12000084,19.12000084,2988700,SONY,"19,998,527,184","16,432,704,513",19.591,8.17,0.026,0.308,0.847,0.009,0.138,3/31/14
17083.137,1.233333333,6.933333333,6.10315433,"2,412,819,000,000","2,381,893,000,000","1,820,386,000,000","592,433,000,000","458,814,000,000","458,814,000,000",,,"44,956,000,000","133,619,000,000","-2,595,000,000","1,637,000,000","4,232,000,000","-41,255,000,000","2,661,000,000","1,669,000,000",,,,,,"-45,585,000,000","89,769,000,000","46,050,000,000",,"26,979,000,000","26,979,000,000","43,719,000,000","43,719,000,000",,"-16,740,000,000","26,979,000,000",26,23.09,"1,037,640,000","1,168,523,000","90,332,000,000","2,279,200,000,000","26,979,000,000","24,996,555,000","1,637,000,000","4,232,000,000","-2,595,000,000","94,001,000,000",,"1,820,386,000,000","150,501,000,000","26,979,000,000","2,661,000,000","2,661,000,000","241,841,000,000",0.255,"678,555,000",17.5,17.54999924,17.25,17.29000092,17.29000092,1570900,SONY,"18,057,007,330","17,121,857,018",28.089,7.987,0.025,0.272,0.832,0.007,0.07,12/31/13
16848.748,1.566666667,7.233333333,6.12745333,"1,775,486,000,000","1,754,786,000,000","1,359,127,000,000","416,359,000,000","412,378,000,000","412,378,000,000",,,"-12,808,000,000","3,981,000,000","-1,535,000,000","5,557,000,000","7,092,000,000","3,518,000,000","-5,744,000,000","-2,025,000,000",,,,,,"11,287,000,000","5,964,000,000","11,601,000,000",,"-19,287,000,000","-19,287,000,000","-5,637,000,000","-5,637,000,000",,"-13,650,000,000","-19,287,000,000",-18.91,-18.91,"1,019,875,000","1,019,875,000","14,764,000,000","1,771,505,000,000","-19,287,000,000","-15,007,720,000","5,557,000,000","7,092,000,000","-1,535,000,000","13,056,000,000",,"1,359,127,000,000","144,442,000,000","-19,287,000,000","-5,744,000,000","-5,744,000,000","163,242,000,000",0.255,"-1,464,720,000",21.29999924,21.60000038,21.25,21.52000046,21.52000046,1259900,SONY,"22,248,409,210","21,113,304,469",31.094,9.141,0.029,0.335,0.968,0.012,0.134,9/30/13
16637.926,1.433333333,7.533333333,6.156055,"1,712,712,000,000","1,690,399,000,000","1,303,610,000,000","409,102,000,000","384,993,000,000","384,993,000,000",,,"-12,673,000,000","24,109,000,000","-3,069,000,000","3,887,000,000","6,956,000,000","25,213,000,000","6,191,000,000","-425,000,000",,,,,,"19,447,000,000","46,253,000,000","26,740,000,000",,"3,480,000,000","3,480,000,000","19,513,000,000","19,513,000,000",,"-16,033,000,000","3,480,000,000",3.44,2.98,"1,010,916,000","1,167,836,000","36,357,000,000","1,688,603,000,000","3,480,000,000","-1,132,295,000","3,887,000,000","6,956,000,000","-3,069,000,000","53,209,000,000",,"1,303,610,000,000","137,194,000,000","3,480,000,000","6,191,000,000","6,191,000,000","184,212,000,000",0.255,"1,578,705,000",,,,,,,,"21,326,879,323","17,861,343,756",51.933,5.365,0.017,0.329,0.96,0.01,0.094,6/30/13
16569.591,1.7,7.733333333,6.224613,"1,733,029,000,000","1,708,482,000,000","1,412,335,000,000","320,694,000,000","390,730,000,000","390,730,000,000",,,,"-70,036,000,000","4,564,000,000","10,390,000,000","5,826,000,000","252,660,000,000","36,802,000,000","-3,183,000,000",,,,,,"-16,178,000,000","187,188,000,000","73,588,000,000",,"93,908,000,000","93,908,000,000","113,600,000,000","113,600,000,000",,"-19,692,000,000","93,908,000,000",,,,,"147,145,000,000","1,803,065,000,000","93,908,000,000","-71,175,154,903.09","10,390,000,000","5,826,000,000","4,564,000,000","193,014,000,000",,"1,412,335,000,000","149,380,000,000","93,908,000,000","272,021,000,000","272,021,000,000","70,373,000,000",0.393,"106,937,845,096.91",,,,,,,,"17,628,413,844","17,955,584,182",,200,0.622,0.247,0.825,0.01,0.052,3/31/13
16358.863,1.9,7.8,6.25010967,"1,947,980,000,000","1,926,281,000,000","1,513,522,000,000","434,458,000,000","388,687,000,000","388,687,000,000",,,"-1,018,000,000","45,771,000,000","-4,667,000,000","2,689,000,000","7,356,000,000","-11,674,000,000","-11,356,000,000","-360,000,000",,,,,,"42,000,000","29,430,000,000","25,907,000,000",,"-10,763,000,000","-10,763,000,000","3,523,000,000","3,523,000,000",,"-14,286,000,000","-10,763,000,000",-10.72,-10.72,"1,003,594,000","1,003,594,000","46,429,000,000","1,902,209,000,000","-10,763,000,000","-2,302,780,000","2,689,000,000","7,356,000,000","-4,667,000,000","36,786,000,000",,"1,513,522,000,000","139,997,000,000","-10,763,000,000","-11,356,000,000","-11,356,000,000","188,139,000,000",0.255,"-2,895,780,000",11.02000046,11.21000004,10.98999977,11.19999981,11.19999981,1388300,SONY,"11,181,706,571","11,539,991,980",,,,0.145,0.48,0.006,0.065,12/31/12
16257.151,1.7,8.033333333,6.353122,"1,604,659,000,000","1,604,659,000,000","1,044,996,000,000","559,663,000,000","331,459,000,000","331,459,000,000",,,,"228,204,000,000","-201,192,000,000","3,198,000,000","204,390,000,000","-7,362,000,000","-7,301,000,000","-3,126,000,000","3,065,000,000",,"-3,065,000,000",,,,"19,650,000,000","22,008,000,000",,"-15,470,000,000","-15,470,000,000","-2,358,000,000","-2,358,000,000",,"-13,112,000,000","-15,470,000,000",-15.41,-15.41,"1,003,591,000","1,003,591,000","30,251,000,000","1,376,455,000,000","-15,470,000,000","-12,314,180,000","3,198,000,000","204,390,000,000","-201,192,000,000","224,040,000,000",,"1,044,996,000,000","164,177,000,000","-15,470,000,000","-4,236,000,000","-4,236,000,000","392,453,000,000",0.255,"-1,080,180,000",,,,,,,,"11,879,022,380","10,662,931,428",,,,0.14,0.473,0.007,0.027,9/30/12
16152.257,1.9,8.2,6.32860733,"1,515,183,000,000","1,515,183,000,000","1,006,413,000,000","508,770,000,000","346,750,000,000","346,750,000,000",,,,"162,020,000,000","-1,853,000,000","5,710,000,000","7,563,000,000","-150,754,000,000","5,529,000,000","-279,000,000","-156,004,000,000",,"156,004,000,000",,,,"9,413,000,000","20,002,000,000",,"-24,641,000,000","-24,641,000,000","-10,589,000,000","-10,589,000,000",,"-14,052,000,000","-24,641,000,000",-24.55,-24.55,"1,003,572,000","1,003,572,000","6,275,000,000","1,353,163,000,000","-24,641,000,000","87,462,875,000","5,710,000,000","7,563,000,000","-1,853,000,000","16,976,000,000",,"1,006,413,000,000","85,051,000,000","-24,641,000,000","-150,475,000,000","-150,475,000,000","252,502,000,000",0.255,"-38,371,125,000",,,,,,,,"14,200,404,858","9,123,839,635",2.484,,,0.175,0.559,0.006,0.089,6/30/12
16019.758,2.833333333,8.266666667,6.30889433,"1,600,426,000,000","1,600,426,000,000","1,844,394,000,000","-243,968,000,000","354,674,000,000","354,674,000,000",,,,"-598,642,000,000","516,683,000,000","6,017,000,000","-510,666,000,000","-31,037,000,000","1,926,000,000",,"88,734,000,000",,,,,,"-486,000,000","240,432,000,000",,"-255,213,000,000","-255,213,000,000","-240,918,000,000","-240,918,000,000",,"-14,295,000,000","-255,213,000,000",,,,,"-1,412,000,000","2,199,068,000,000","-255,213,000,000","-322,754,700,000","6,017,000,000","-510,666,000,000","516,683,000,000","-511,152,000,000",,"1,844,394,000,000","75,311,000,000","-255,213,000,000","90,660,000,000","90,660,000,000","-526,501,000,000",0.255,"23,118,300,000",,,,,,,,"20,777,735,739","24,874,521,326",,24.57,,0.265,0.77,0.016,-0.057,3/31/12
15796.46,3.3,8.633333333,6.35749967,"1,822,876,000,000","1,822,876,000,000","1,262,557,000,000","560,319,000,000","355,674,000,000","355,674,000,000",,,,"204,645,000,000","-188,935,000,000","2,469,000,000","191,404,000,000","-12,827,000,000","-11,404,000,000",,"-1,423,000,000",,,,,,"-105,914,000,000","28,916,000,000","-108,797,000,000","-158,968,000,000","-158,968,000,000","-134,830,000,000","-134,830,000,000",,"-24,138,000,000","-158,968,000,000",-158.4,-158.4,"1,003,581,000","1,003,581,000","-91,728,000,000","1,618,231,000,000","-158,968,000,000","-149,989,100,000","2,469,000,000","191,404,000,000","-188,935,000,000","85,490,000,000",,"1,262,557,000,000","82,717,000,000","-158,968,000,000","-12,827,000,000","-12,827,000,000","181,034,000,000",0.3,"-3,848,100,000",,,,,,,,"17,850,057,359","14,080,897,694",,18.727,,0.205,0.594,0.008,0.084,12/31/11
15591.85,3.766666667,9,6.41673233,"1,574,989,000,000","1,574,989,000,000","1,200,462,000,000","374,527,000,000","345,393,000,000","345,393,000,000",,,,"29,134,000,000","-4,108,000,000","2,341,000,000","6,449,000,000","-24,931,000,000","5,049,000,000","1,122,000,000","-31,102,000,000",,"31,102,000,000",,,,"95,000,000","18,358,000,000",,"-26,977,000,000","-26,977,000,000","-18,263,000,000","-18,263,000,000",,"-8,714,000,000","-26,977,000,000",-26.88,-26.88,"1,003,582,000","1,003,582,000","-1,635,000,000","1,545,855,000,000","-26,977,000,000","-8,739,900,000","2,341,000,000","6,449,000,000","-4,108,000,000","6,544,000,000",,"1,200,462,000,000","83,372,000,000","-26,977,000,000","-26,053,000,000","-26,053,000,000","115,969,000,000",0.3,"-7,815,900,000",19.37999916,19.37999916,18.92000008,19,19,1592500,SONY,"19,706,554,324","15,890,536,413",,10.549,,0.213,0.618,0.01,0.177,9/30/11
15496.189,3.466666667,9.066666667,6.4995,"1,494,921,000,000","1,494,921,000,000","973,569,000,000","521,352,000,000","320,146,000,000","320,146,000,000",,,,"201,206,000,000","-1,838,000,000","4,274,000,000","6,112,000,000","-176,249,000,000","-2,896,000,000","-4,835,000,000","-168,518,000,000",,"168,518,000,000",,,,"23,119,000,000","27,534,000,000",,"-15,502,000,000","-15,502,000,000","-4,415,000,000","-4,415,000,000",,"-11,087,000,000","-15,502,000,000",-15.45,-15.45,"1,003,572,000","1,003,572,000","27,500,000,000","1,293,715,000,000","-15,502,000,000","104,487,800,000","4,274,000,000","6,112,000,000","-1,838,000,000","29,231,000,000",,"973,569,000,000","78,194,000,000","-15,502,000,000","-171,414,000,000","-171,414,000,000","278,839,000,000",0.3,"-51,424,200,000",26.31999969,26.47999954,26.23999977,26.38999939,26.38999939,1153000,SONY,"26,323,137,306","21,142,754,394",,12.837,0.153,0.305,0.85,0.014,0.197,6/30/11
15285.828,2.133333333,9.033333333,6.580304,"1,580,826,000,000","1,580,826,000,000","1,777,845,000,000","-197,019,000,000","-110,030,000,000","375,601,000,000",,,,"-86,989,000,000","-3,873,000,000","3,518,000,000","7,391,000,000","37,043,000,000","10,809,000,000",,"12,172,000,000",,,,,,"-68,142,000,000","313,330,000,000",,"-388,802,000,000","-388,802,000,000","-381,472,000,000","-381,472,000,000",,"-7,330,000,000","-388,802,000,000",,,,,"-73,368,000,000","1,667,815,000,000","-388,802,000,000","-404,888,700,000","3,518,000,000","7,391,000,000","-3,873,000,000","-60,751,000,000",,"1,777,845,000,000","79,729,000,000","-388,802,000,000","22,981,000,000","22,981,000,000","-4,003,000,000",0.3,"6,894,300,000",32,32.11000061,31.75,31.82999992,31.82999992,732900,SONY,"32,136,078,545","23,902,414,651",,17.422,0.208,0.37,1.043,0.015,1.259,3/31/11
15240.843,1.266666667,9.5,6.658365,"2,206,246,000,000","2,206,246,000,000","1,492,388,000,000","713,858,000,000","576,827,000,000","403,047,000,000",,,"173,780,000,000","137,031,000,000","-1,971,000,000","2,585,000,000","4,556,000,000","-6,115,000,000","-4,640,000,000",,"-1,475,000,000",,,,,,"131,535,000,000","47,590,000,000",,"72,334,000,000","72,334,000,000","83,945,000,000","83,945,000,000",,"-11,611,000,000","72,334,000,000",72.08,71.96,"1,003,562,000","1,003,562,000","137,522,000,000","2,069,215,000,000","72,334,000,000","76,236,563,386.17","2,585,000,000","4,556,000,000","-1,971,000,000","136,091,000,000",,"1,492,388,000,000","-28,793,000,000","72,334,000,000","-6,115,000,000","-6,115,000,000","142,206,000,000",0.362,"-2,212,436,613.83",35.52000046,35.91999817,35.45000076,35.70999908,35.70999908,324800,SONY,"36,042,832,913","40,329,013,826",40.293,19.493,0.232,0.399,1,0.018,0.296,12/31/10
15079.917,1.133333333,9.466666667,6.770695,"1,733,152,000,000","1,733,152,000,000","1,127,627,000,000","605,525,000,000","539,146,000,000","363,395,000,000",,,"175,751,000,000","66,379,000,000","-3,393,000,000","2,467,000,000","5,860,000,000","-5,346,000,000","-2,882,000,000",,"-2,464,000,000",,,,,,"62,709,000,000","20,746,000,000","5,069,000,000","31,146,000,000","31,146,000,000","41,963,000,000","41,963,000,000",,"-10,817,000,000","31,146,000,000",31.04,31,"1,003,556,000","1,004,698,000","68,651,000,000","1,666,773,000,000","31,146,000,000","34,723,384,394.59","2,467,000,000","5,860,000,000","-3,393,000,000","68,569,000,000",,"1,127,627,000,000","139,306,000,000","31,146,000,000","-5,346,000,000","-5,346,000,000","213,221,000,000",0.331,"-1,768,615,605.42",31.15999985,31.38999939,30.72999954,30.92000008,30.92000008,1376400,SONY,"30,953,252,855","37,707,234,183",32.732,,,0.354,0.903,0.022,0.181,9/30/10
14926.098,1.766666667,9.633333333,6.824717,"1,661,049,000,000","1,661,049,000,000","1,109,291,000,000","551,758,000,000","359,770,000,000","359,770,000,000",,,,"191,988,000,000","-138,989,000,000","3,213,000,000","142,202,000,000","19,248,000,000","13,931,000,000",,"5,317,000,000",,,,,,"78,911,000,000","43,673,000,000","6,664,000,000","25,737,000,000","25,737,000,000","35,238,000,000","35,238,000,000",,"-9,501,000,000","25,737,000,000",25.65,25.61,"1,003,538,000","1,005,110,000","67,016,000,000","1,469,061,000,000","25,737,000,000","12,263,400,000","3,213,000,000","142,202,000,000","-138,989,000,000","221,113,000,000",,"1,109,291,000,000","135,124,000,000","25,737,000,000","19,248,000,000","19,248,000,000","336,989,000,000",0.3,"5,774,400,000",26.89999962,27.22999954,26.57999992,26.68000031,26.68000031,1192200,SONY,"27,003,447,382","32,279,092,118",107.953,,,0.326,0.826,0.019,0.091,6/30/10
14721.35,2.333333333,9.833333333,6.82763967,"1,715,070,000,000","1,715,070,000,000","1,185,478,000,000","529,592,000,000","394,145,000,000","394,145,000,000",,,,"135,447,000,000","-165,853,000,000","3,050,000,000","168,903,000,000","54,709,000,000","6,859,000,000","3,097,000,000","44,753,000,000",,"-32,067,000,000",,,,"-46,983,000,000","-5,399,000,000",,"-56,568,000,000","-56,568,000,000","-41,584,000,000","-41,584,000,000",,"-14,984,000,000","-56,568,000,000",,,,,"-56,039,000,000","1,579,623,000,000","-56,568,000,000","-102,249,063,533.62","3,050,000,000","168,903,000,000","-165,853,000,000","121,920,000,000",,"1,185,478,000,000","-104,595,000,000","-56,568,000,000","51,612,000,000","51,612,000,000","70,308,000,000",0.115,"5,930,936,466.38",38.34999847,38.63000107,38.25,38.31999969,38.31999969,672600,SONY,"38,692,774,374","32,636,943,406",,,,0.495,1.204,0.019,0.268,3/31/10